3132 4588
621 283 812 373 -9'-

116 495 214 561 Nonii
249 498 333 562 enim
362 500 485 577 seriem,
503 520 586 582 quae
609 506 713 564 exstat
735 521 766 583 p.
784 500 874 577 911),
897 498 924 562 si
940 498 973 562 in
1000 499 1139 579 singulas
1161 509 1266 583 partes
1289 499 1338 563 di·

114 601 265 678 vidimus,
288 610 429 687 apparet,
453 624 501 666 res
523 601 604 665 libro
627 609 740 684 quarto
763 601 940 685 descriptas
962 623 1030 666 esso
1053 602 1165 666 ordine
1186 607 1266 666 hoc:

198 709 326 766 concubia
349 716 450 781 nocte,
473 705 568 789 primi
592 705 695 768 somni
719 705 891 792 [ternpore]
900 704 1035 770 Sisenna
1056 704 1259 768 historiarum
1283 703 1337 768 lib.

118 805 185 873 lV:
207 807 269 891 ipsi
291 808 395 886 legati,
418 807 573 871 concubia
596 818 688 872 nocte
709 808 829 892 oppido
852 807 997 893 digressi,
1020 807 1440 888 interannuntiantem
1468 823 1527 892 (aa)

115 910 324 973 munitionem
348 911 532 976 succedunt.

203 1018 262 1075 Hos
284 1020 384 1092 locatos
407 1019 446 1076 ad
469 1019 564 1083 hostes,
587 1019 660 1093 qnod
682 1020 797 1076 consilia
819 1019 852 1076 de
874 1020 979 1076 deitate
1000 1019 1080 1076 sociis
1107 1019 1204 1076 danda
1237 1019 1341 1076 Romae

115 1121 210 1178 habita
232 1131 304 1185 sant,
322 1124 442 1196 sortasse
463 1123 559 1179 missos
581 1140 638 1179 esse
658 1123 735 1195 infra
756 1122 911 1180 videbimus.

202 1225 293 1284 netas.
317 1221 450 1286 Sisenna
473 1219 679 1284 historiarum
702 1219 755 1284 lib.
781 1219 844 1286 1V:
879 1220 1048 1302 cistasque,
1081 1239 1163 1302 quae
1186 1227 1276 1283 erant
1298 1219 1343 1285 le·
1448 1229 1451 1238 '

115 1346 197 1408 gum
220 1325 424 1388 serendarum
446 1323 550 1407 gratia
569 1336 695 1408 paratae,
719 1323 903 1388 deiecerant.
1362 1339 1393 1392 fr.
1414 1343 1446 1390 ra
1475 1335 1549 1403 (rra)

205 1429 272 1487 Sine
303 1433 383 1490 dnbio
414 1431 566 1490 verbane
599 1431 694 1488 turbas
723 1433 874 1505 pertinent,
907 1448 986 1506 qnae,
1018 1430 1085 1486 dnm
1121 1428 1247 1502 anffrnpii
1278 1431 1344 1487 latio

117 1543 265 1599 exercetur,
284 1536 387 1592 Romae
397 1545 473 1592 ortae
485 1545 557 1596 sunt.
1268 1589 1271 1601 ,

201 1647 321 1696 centones
344 1646 375 1698 et
398 1635 510 1704 cilicia.
555 1635 690 1699 Sisenna
713 1632 918 1696 historiarum
942 1631 995 1696 lib.
1010 1631 1079 1698 lV:
1104 1654 1229 1716 puppes
1252 1642 1339 1696 aceto
1358 1631 1430 1682 fras
1456 1626 1532 1694 (¹⁰⁷)

118 1735 304 1801 madefactis
327 1739 513 1804 centonibus
536 1739 736 1823 integuntur,
759 1758 841 1820 quos
863 1758 960 1820 supra
982 1742 1136 1820 perpetua
1159 1735 1251 1799 classi
1274 1759 1344 1801 sus·

117 1861 219 1922 pensa
242 1840 344 1904 cilicia
367 1840 593 1908 obtenduntur.

206 1948 401 2021 Fraqrnentunt
423 1949 461 2006 cd
479 1967 603 2023 paquara
618 1949 742 2005 navalem
763 1947 934 2022 referendum
955 1945 1060 2003 videtur
1082 1963 1146 2004 csse.

205 2050 420 2116 crebritndtnem,
443 2068 502 2131 pro
524 2045 724 2110 crebritatem
747 2099 777 2114 ..
799 2095 807 2111 .
831 2095 861 2113 ..

207 2145 427 2234 [celsitudinem
450 2172 507 2234 pro
517 2149 722 2237 celeritatem]
734 2150 867 2216 Sisenna
880 2149 1083 2214 historiarum
1097 2147 1150 2217 lib.
1167 2147 1234 2213 IV:
1259 2147 1288 2212 N
1290 2171 1341 2213 am

121 2248 318 2316 clandestina
341 2253 446 2341 [cum]
470 2259 639 2316 celsitudine
658 2254 799 2337 transigi,
821 2255 908 2340 apud
926 2265 1017 2317 notos
1040 2253 1179 2338 cogitata
1201 2252 1265 2315 dici
1288 2252 1343 2316 de·
1361 2245 1433 2297 1110
1459 2240 1534 2310 (¹²²)

124 2359 183 2426 cet,
208 2375 270 2418 non
294 2358 462 2440 explanari.

215 2460 304 2519 Verba
326 2464 391 2520 hace
413 2465 502 2521 celin
527 2467 644 2523 contione
680 2467 774 2542 aliqua
799 2467 873 2523 dicta
904 2465 944 2522 ccl
967 2465 1107 2539 scriptoris
1137 2483 1194 2521 csse
1218 2474 1344 2538 possunt,

125 2564 223 2638 quide
244 2585 274 2622 rc
294 2567 416 2641 quodam
447 2587 514 2626 sanc
530 2569 604 2627 nobis
626 2573 716 2644 iqnote
737 2589 826 2628 seeum
847 2567 1008 2629 considerat.

210 2679 355 2734 caementa,
377 2669 497 2750 lapides
523 2691 586 2731 non
610 2671 717 2754 magui
730 2669 826 2746 modi,
849 2666 968 2750 quibus
983 2665 1126 2730 aedilicia
1144 2677 1350 2749 consurgunt.

127 2763 262 2830 Sisenna
284 2769 487 2835 historiarum
509 2770 560 2836 lib.
584 2771 651 2836 IV:
674 2771 860 2836 Formidine
882 2792 1064 2854 oppressus,
1087 2771 1172 2853 quod
1198 2770 1349 2834 humilem

128 2872 298 2935 caementis
321 2873 513 2939 instructum
538 2877 648 2961 oppidi
672 2899 800 2940 murum
825 2872 952 2938 sciebat.
1370 2895 1400 2945 tr.
1419 2901 1450 2945 sa
1480 2891 1537 2959 (79)

214 2978 315 3052 Apituc
337 2984 371 3040 de
392 3003 421 3040 rc
442 2986 471 3042 in
493 2985 629 3042 obsidione
650 2986 726 3042 urbis
742 2985 831 3058 sacta.
867 3014 908 3024 -

215 3076 325 3161 Atque
348 3103 386 3145 ex
411 3082 470 3158 his,
493 3085 549 3167 qui
572 3094 697 3148 exstant
719 3105 791 3168 pgg.
816 3083 875 3145 107
910 3098 942 3143 et
975 3083 1046 3157 449,
1066 3079 1161 3144 Nonii
1185 3079 1351 3144 ordinibus

132 3179 275 3244 conicere
295 3182 395 3261 iuvat,
418 3209 516 3268 quam
540 3187 783 3272 dispositionem
807 3184 942 3248 Sisenna
976 3182 1056 3246 libro
1080 3182 1128 3247 IV
1164 3183 1351 3248 servaverit:

215 3307 247 3368 p.
273 3286 341 3353 107.
364 3289 593 3373 Erpopositum
616 3311 674 3374 pro
698 3311 802 3352 causa.
827 3285 947 3371 Vergil
969 3286 1050 3351 Aen.
1073 3284 1125 3352 lib.
1149 3284 1195 3350 VI
1219 3286 1353 3370 (vste)

130 3385 264 3451 Sisenna
288 3389 491 3454 historiarum
514 3391 566 3458 lib.
591 3391 653 3460 IV:
677 3392 808 3468 Milites,
833 3400 869 3456 ut
883 3397 934 3454 lex
946 3389 1122 3474 Calpurnia
1144 3402 1350 3466 concesserat,
1368 3391 1439 3443 fara
1464 3389 1540 3460 (110)

129 3489 259 3554 virtutis
281 3514 356 3576 crgo
379 3495 506 3559 civitate
529 3495 650 3560 donari.

216 3601 331 3672 eninm,
365 3619 422 3679 pro
444 3599 546 3668 enixe.
602 3599 735 3665 Sisenna
768 3597 971 3663 historiarum
1004 3597 1055 3661 lib.
1080 3593 1147 3660 lV:
1180 3593 1250 3674 Ego
1284 3593 1355 3659 illos

133 3696 232 3761 malos
264 3709 295 3762 et
317 3700 453 3766 audaces
476 3724 600 3787 semper
622 3703 740 3766 enixim
774 3713 883 3764 contra
916 3707 1059 3764 fortunas
1095 3709 1190 3780 atque
1223 3697 1357 3762 honores

133 3798 230 3864 huius
248 3802 368 3867 ordinis
393 3805 499 3868 omnia
521 3807 632 3870 fecisse
653 3827 690 3869 ue
713 3805 832 3870 dixisse
854 3803 963 3868 sentio.
1375 3808 1559 3876 fr.10⁵l¹¹⁰)

218 3912 359 3969 canonica
394 3907 577 3997 [evacuata]
610 3910 741 3976 Sisenna
775 3907 978 3972 historiarum
1012 3903 1067 3973 lib.
1102 3902 1167 3968 IV:
1211 3901 1360 3984 Denique
1418 3942 1468 4006 ι

134 4006 304 4074 exinanitis
327 4012 452 4089 castris,
487 4011 622 4078 Romani
645 4013 701 4095 qui
725 4018 832 4076 clauso
855 4033 888 4074 se
910 4010 979 4075 loco
1003 4013 1174 4094 potuerant
1196 4004 1344 4089 expedir'

219 4134 249 4195 p.
273 4115 345 4178 449.
389 4121 523 4177 silentium
556 4116 622 4180 fieri
660 4115 890 4180 consuetudine
923 4124 1088 4195 sumptum
1120 4117 1177 4174 est.
1222 4109 1308 4173 Siser

133 4212 173 4276 de
196 4216 354 4281 contrario
376 4218 578 4283 historiarum
601 4217 654 4283 lib.
677 4217 735 4296 IV,
757 4217 854 4282 oriri:
877 4214 1048 4280 Silentium
1071 4213 1180 4277 oritur.

133 4356 337 4368 ———

221 4426 252 4511 l)
274 4452 317 4508 ap,
339 4435 497 4512 Quicherat,
519 4453 546 4507 p.
569 4429 622 4502 93,
643 4431 717 4488 euius
741 4431 808 4488 edit.
830 4431 882 4487 hoe
903 4430 964 4486 loco
984 4427 1071 4485 secuti
1093 4444 1193 4486 sumus.
1217 4418 1251 4504 2)
1270 4422 1300 4480 Ar
