3132 4588
768 251 946 319 ..54-

237 463 310 505 rum
333 449 601 504 commemoraret.
646 439 709 504 Sed
733 461 806 505 cum
831 442 1040 526 scriptorum,
1062 441 1117 524 qui
1140 441 1195 506 illa
1217 452 1317 506 aetate
1339 440 1472 506 florue-

235 553 321 620 runt,
343 542 440 611 moris
462 566 481 607 a
502 544 665 628 proposito
687 566 746 609 suo
758 543 953 624 digrediendi
965 545 1099 624 vestigia
1109 567 1210 630 paene
1222 543 1310 608 nulla
1321 555 1468 622 exstent,

235 645 333 712 verba
354 647 463 731 potius
484 667 525 710 ex
546 647 688 712 oratione
709 647 809 732 petita
832 668 900 712 esse
921 647 1111 732 putaverim,
1145 648 1198 714 cui
1219 671 1252 729 eo
1272 653 1357 710 inseri
1375 669 1467 726 posse

234 753 299 812 mitt
319 753 428 830 quidem
448 754 601 816 adeantur.
645 749 779 814 Constat
800 751 885 814 enim
908 771 971 814 non
984 749 1086 814 solum
1100 749 1269 829 Romanos,
1292 750 1459 816 sedetiam

236 852 314 917 alios
336 853 448 918 Italiae
470 853 620 937 populos,
644 875 718 918 cum
740 853 882 937 pericula
906 851 1022 938 magna
1054 854 1300 931 imminuerunt,
1331 853 1366 918 in
1398 875 1461 918 vo-

238 955 339 1020 vendo
361 976 433 1020 vera
455 975 545 1021 sacro
567 957 653 1022 haud
677 957 835 1022 mediocre
856 957 1011 1022 auxilium
1031 979 1079 1022 res
1105 956 1182 1022 bene
1203 957 1335 1043 gerendi
1356 977 1460 1040 quae-

234 1057 354 1123 sivisse.
399 1058 545 1136 Pietatis,
568 1070 605 1123 ut
627 1058 807 1137 credebant,
830 1060 898 1124 <leis
916 1059 1045 1124 excitati
1067 1082 1086 1122 a
1108 1060 1205 1124 sacris
1227 1060 1267 1124 ad
1279 1082 1368 1124 arma
1379 1080 1460 1124 con-

235 1167 404 1226 currerunt
422 1161 532 1226 conlisi
545 1161 672 1226 illorum
685 1161 866 1226 subsidium
889 1160 950 1225 sibi
972 1183 1036 1224 non
1059 1161 1244 1226 defuturum
1267 1183 1340 1228 esse.
1363 1159 1461 1242 Quae

235 1285 309 1328 curn
342 1265 386 1328 ita
419 1267 499 1342 sint,
534 1287 639 1330 nonne
664 1265 797 1330 Sisenna
828 1264 883 1328 illa
916 1263 1012 1328 verba
1036 1263 1211 1328 Samnitem
1235 1270 1285 1328 vel
1306 1263 1472 1330 Italicum

235 1365 333 1432 alium
357 1367 391 1430 in
414 1367 763 1451 contioneloquentem
785 1368 887 1430 lacere
911 1368 1022 1444 potuit,
1044 1366 1163 1450 quibus
1195 1368 1263 1445 hic,
1295 1389 1369 1432 cum
1392 1389 1458 1433 res·

235 1469 364 1556 publica
391 1492 482 1534 verso
516 1470 620 1534 Marte
656 1471 748 1534 malis
779 1470 922 1554 undique
954 1470 1179 1556 ingruentibus
1211 1471 1457 1550 conflictaretur,

236 1573 394 1659 populum
418 1573 476 1636 hac
500 1573 589 1638 clade
610 1572 740 1657 publiea
763 1573 887 1638 liberari
911 1596 975 1638 non
998 1595 1100 1658 posse,
1124 1575 1268 1640 nisivere
1286 1597 1375 1639 sacro
1397 1597 1457 1639 vo·

236 1676 339 1741 vendo
374 1676 621 1741 demonstraret?
665 1675 870 1759 Quamquam
901 1677 933 1740 id
967 1677 1062 1740 etiam
1095 1678 1287 1754 conicimus,
1319 1679 1456 1762 probare

237 1779 416 1862 nequimus.
462 1779 511 1844 De
546 1779 657 1844 eodem
681 1779 872 1845 Sabinorum
892 1769 976 1844 'vere
1009 1800 1098 1844 sacro
1129 1818 1172 1830 -
1204 1803 1299 1864 quem
1333 1803 1454 1846 morem

236 1881 385 1946 Italicum
407 1881 524 1946 Festus
547 1883 674 1967 saepius
696 1894 793 1965 atque
803 1881 944 1959 Servius,
967 1883 1020 1946 alii
1032 1882 1196 1947 occasione
1218 1883 1293 1947 data
1313 1905 1453 1948 comme·

236 1996 361 2048 morant
382 2022 425 2033 -
458 1977 553 2050 etiam
583 1985 695 2052 Strabo
724 1984 779 2069 (V,
808 1986 838 2062 4,
869 1986 923 2061 la)
951 1985 1113 2069 scripsisse
1142 1985 1288 2050 videtur:
1321 1993 1398 2070 Περὶ
1421 1993 1455 2053 δὲ

235 2099 401 2156 Σαυνιτῶν
423 2098 475 2156 καὶ
495 2089 642 2167 τοιοῦτός
664 2113 710 2166 τις
733 2089 827 2169 λόγος
849 2092 1018 2171 ἐκφέρεται,
1049 2089 1127 2154 διότι
1155 2099 1365 2168 πολεμοῦντες
1389 2101 1451 2155 Σα

234 2199 318 2270 βῖνοι
340 2190 444 2258 πολὺν
463 2192 583 2276 χρόνον
604 2190 684 2274 πρὸς
707 2191 783 2268 τοὺς
806 2190 1006 2274 Ὀμβρικοὺς
1031 2190 1173 2270 εὔξαντο,
1208 2192 1350 2276 καθάπερ
1384 2203 1451 2258 των

232 2290 398 2376 Ελλήνων
419 2300 499 2372 τινές
522 2293 560 2360 τὰ
582 2293 731 2375 γενόμενα
753 2304 800 2380 τῷ
822 2295 881 2358 tm
903 2294 1008 2381 τούτῳ
1031 2303 1241 2377 καθιερῶσαι.
1274 2296 1454 2379 νικήσαντες

236 2401 268 2460 δὲ
289 2407 355 2462 τῶν
389 2422 565 2478 γινομένων
595 2396 711 2475 τὰμὲν
732 2401 919 2471 κατέθνσαν
944 2395 981 2462 τὰ
996 2401 1035 2462 db
1067 2402 1284 2478 καθιέρωσαν·
1318 2397 1452 2480 ἀπορίας

235 2504 267 2564 δέ
288 2508 475 2583 γενηθείσης,
499 2502 564 2564 εἶπε
585 2497 684 2577 τὶς,ι
662 2525 705 2576 ως
728 2503 820 2582 ἐχρῆν
841 2509 1030 2582 καθιερῶσαι
1062 2507 1113 2564 καὶ
1146 2499 1185 2567 τὰ
1214 2503 1319 2566 τέκνα.
1366 2501 1449 2567 Old

221 2593 385 2686 ’ἐποίησαν
406 2613 514 2677 τοῦτο,
537 2610 589 2668 καὶ
610 2599 685 2680 τοὺς
702 2607 888 2683 γενομένους
910 2601 982 2667 τότε
1004 2607 1116 2680 παῖδας
1137 2601 1257 2684 Ἀρέως
1290 2602 1452 2686 immorim-

235 2723 313 2782 σαν,
336 2705 555 2790 ἀνδρωθέντας
577 2705 603 2771 d'
626 2707 765 2771 ἔστειλαν
787 2704 1004 2783 clerinomiae,
1027 2701 1162 2789 ἡγήσατο
1186 2710 1218 2770 δέ
1239 2715 1356 2788 ταῦρος
1385 2710 1451 2772 κτλ.

807 2808 876 2872 104.

321 2907 400 2974 Non.
423 2933 446 2976 s.
468 2932 498 2973 v.
522 2909 725 2995 supersedere
748 2933 778 2995 p.
802 2911 842 2976 40
879 2909 1013 2976 Sisenna
1046 2909 1250 2974 historiarum
1285 2909 1366 2974 libro
1388 2908 1452 2975 lv:

238 3011 288 3076 De
310 2996 561 3080 virtute'eorum
582 3011 762 3078 accusanda
786 3011 934 3097 proloqui
956 3012 1213 3096 supersederunt.
1235 3011 1272 3080 P.
1299 3013 1368 3082 108.

322 3113 501 3180 Verisimile
524 3114 698 3184 est'verba
721 3115 842 3178 ducum
863 3137 947 3192 esse,
977 3115 1033 3198 qui
1056 3113 1186 3180 consilio
1209 3113 1451 3179 deliberantium
1495 3135 1499 3142 ·

236 3216 458 3296 interfuerunt,
492 3228 602 3282 utrum
625 3216 781 3281 militibus
792 3215 986 3300 quibusdam
1009 3237 1068 3301 pro
1090 3216 1266 3301 stipendiis,
1289 3238 1371 3300 quae
1387 3237 1453 3280 me·

236 3319 289 3383 riti
310 3332 424 3414 essent,
446 3319 558 3384 civitas
581 3321 720 3394 daretur,
744 3341 849 3386 neone.
892 3319 988 3384 Hanc
1009 3318 1080 3405 lege
1099 3318 1276 3404 Calpurnia
1302 3316 1453 3384 militibus

237 3444 304 3488 esse
326 3443 506 3488 concessam
529 3445 627 3508 supra
650 3423 798 3489 vidimus.
820 3425 858 3488 cf.
881 3427 915 3489 fr.
939 3424 989 3487 44.

814 3526 885 3592 105.

325 3629 405 3696 Non.
428 3652 451 3695 s.
474 3653 502 3696 v.
525 3630 644 3694 enixim
666 3653 697 3715 p.
722 3630 782 3694 107
806 3628 941 3694 Sisenna
963 3629 1168 3692 historiarum
1190 3626 1270 3692 libro
1297 3625 1360 3692 lV:
1383 3625 1453 3711 Ego

237 3735 307 3799 illos
343 3733 441 3813 malos
474 3741 507 3798 et
538 3734 675 3798 audaces
715 3754 838 3817 semper
871 3732 989 3796 enixim
1025 3743 1135 3796 contra
1176 3737 1319 3796 fortunas
1361 3741 1453 3814 atque

238 3839 372 3902 honores
395 3837 492 3901 huius
514 3837 635 3902 ordinis
657 3836 765 3901 omnia
786 3835 896 3900 fecisse
918 3855 954 3898 ao
977 3833 1095 3898 dixisse
1118 3834 1227 3900 sentio.
1252 3832 1286 3898 P.
1305 3833 1375 3896 110.

322 3941 461 4008 Kieniua
482 3941 528 4024 (p.
550 3942 645 4026 279),
678 3940 733 4023 qui
767 3961 840 4004 cum
863 3939 913 4004 his
936 3939 1039 4005 verbis
1072 3938 1201 4002 initium
1224 3935 1376 4000 orationis
1397 3957 1452 4019 pro

238 4044 347 4112 Caelio
368 4043 550 4110 aCicerone
572 4042 698 4108 habitae
715 4043 919 4127 comparavit,
941 4053 1117 4106 senatorem
1140 4061 1177 4103 ea
1197 4040 1340 4104 locutum
1364 4045 1454 4122 putat

237 4170 306 4214 esse
329 4148 381 4214 illo
403 4169 496 4224 anno,
518 4167 583 4230 quo
605 4146 656 4212 lex
679 4146 718 4211 de
741 4145 899 4209 seditiosis
922 4143 1204 4228 consceleratisque
1234 4139 1359 4207 civibus
1381 4141 1452 4206 data

238 4252 289 4330 sit,
311 4250 367 4338 qui
390 4249 503 4316 armati
527 4260 674 4318 senatum
697 4247 887 4317 obsederint.
