3132 4588
506 1057 510 1064 ἡ
643 1108 751 1194 Caput
774 1110 791 1173 1

133 1309 202 1380 Ad
228 1325 331 1392 quas
356 1281 424 1378 ras
450 1306 611 1388 singula
644 1305 836 1376 Sisennae
861 1303 1094 1385 fragmenta
1119 1301 1308 1374 revocari

108 1429 271 1514 possint
308 1445 361 1497 ex
387 1427 542 1512 eisque,
584 1444 689 1512 quaa
723 1426 898 1510 quisque
932 1424 1203 1495 historiarum
1229 1423 1337 1492 liber

411 1545 683 1628 continuerit,
711 1547 1030 1616 demonstratur.

685 1743 764 1830 §1-

291 1906 332 1972 tte
355 1900 442 1987 primi
468 1900 500 1967 et
521 1900 650 1968 atterius
673 1901 742 1968 iibri
766 1900 902 1984 reliquiis
924 1901 956 1969 et
977 1901 1165 1984 assumento.

514 2093 590 2157 A..
613 2093 940 2173 Reliquiae.

651 2245 751 2311 Liber
773 2246 800 2312 Ι.

718 2441 746 2502 1.

204 2542 281 2606 Soa.
302 2543 341 2601 od
368 2542 448 2618 Verq.
472 2541 541 2601 Aen.
565 2543 591 2608 I,
614 2542 685 2608 242.
709 2537 835 2605 Aeneas
858 2551 890 2605 et
911 2539 1059 2606 Antenor
1081 2539 1211 2605 Troiam
1233 2539 1342 2626 prodi·

116 2642 203 2707 disse
225 2641 379 2706 dicuntur
401 2642 579 2706 seeundum
603 2641 737 2708 Livium
759 2681 803 2694 --
824 2641 962 2709 Sisenna
983 2656 1089 2709 temen
1112 2642 1206 2724 dioit,
1237 2643 1342 2710 solum

117 2746 317 2810 Antenorem
335 2744 514 2828 prodidisse
537 2743 695 2832 [Troiam]
719 2784 760 2795 -
784 2745 836 2813 Ob
858 2746 1190 2813 hooautemoreditur
1212 2743 1343 2812 Graecis

116 2843 263 2913 Antenor
284 2847 421 2932 patriam
443 2847 640 2932 prodidisse,
673 2849 750 2932 quia
774 2848 872 2937 [sieut
903 2851 1052 2937 superius
1085 2850 1209 2915 dietum
1241 2863 1290 2914 est
1311 2859 1344 2914 et

117 2957 230 3017 auctor
251 2950 431 3015 reddendae
453 2949 606 3038 Helenes]
629 2963 660 3017 et
682 2951 813 3039 legatos,
836 2953 893 3036 qui
916 2965 1047 3040 propter
1069 2953 1226 3019 Helenam
1248 2973 1345 3018 vene·

118 3066 201 3132 rant,
223 3053 365 3139 suscepit
375 3053 524 3138 hospitio,
546 3066 578 3120 et
588 3054 710 3122 Ulixen
731 3057 870 3121 mendici
892 3056 1003 3124 habitu
1025 3058 1172 3144 agnitum
1195 3076 1345 3141 nonpro·

125 3159 216 3227 didit
260 3159 324 3223 vid.
347 3158 420 3227 Liv.
444 3155 472 3238 l,
496 3165 523 3225 1.
547 3159 616 3227 init.
639 3166 678 3226 ef.
700 3160 790 3227 Serv.
812 3160 861 3230 ad.
884 3162 968 3228 Aen.
990 3160 1018 3239 1,
1041 3161 1112 3228 647.

208 3369 285 3429 Sea·
307 3369 346 3428 ad
367 3373 447 3445 Verp.
460 3368 528 3433 Am.
544 3371 606 3437 XI,
628 3371 697 3432 316.
742 3365 840 3433 Unde
862 3366 1025 3451 sequenda
1046 3372 1095 3431 est
1115 3364 1223 3452 potius
1246 3364 1345 3444 Livii,

121 3468 274 3534 Sisennae
297 3479 327 3533 et
340 3467 472 3533 Catonis
489 3470 672 3535 auotoritas.
717 3469 800 3535 Nam
823 3491 924 3555 paene
945 3491 1055 3534 omnes
1075 3468 1225 3552 antiquae
1247 3467 1344 3532 histo-

121 3572 186 3638 riae
206 3571 375 3657 scriptores
397 3571 432 3636 in
453 3577 512 3638 hoe
534 3574 746 3642 consentiunt.
790 3572 872 3638 Cato
894 3573 979 3638 enim
1001 3573 1035 3639 in
1057 3569 1234 3655 originibus
1256 3571 1346 3650 dicit,

122 3674 276 3741 Troianos
298 3674 452 3740 aLatino
474 3677 634 3762 accepisse
656 3699 791 3764 agrum,
823 3677 880 3761 qui
901 3683 949 3743 est
977 3676 1060 3742 inter
1082 3675 1283 3741 Laurentum
1315 3683 1347 3740 et

123 3788 225 3844 eastra
247 3776 393 3843 Troiana.
437 3780 476 3845 of.
499 3777 581 3844 Cato
603 3781 641 3847 fr.
665 3782 685 3844 8
707 3779 745 3844 Ρ.
758 3779 830 3846 niv.
853 3778 881 3858 Ι,
905 3784 932 3846 1.

207 3879 297 3946 Haeo
329 3879 429 3946 verba
460 3881 501 3946 ad
524 3880 737 3948 Troianorum
770 3883 804 3946 in
826 3881 952 3948 Italiam
975 3881 1150 3948 adventum
1179 3880 1347 3967 pertinent.
1421 3882 1462 3918 '¹

125 3982 221 4065 Quod
243 3983 404 4068 Vergilius
427 3985 560 4069 antiqua
582 3986 635 4051 illa
656 3985 765 4051 fabula
786 3986 908 4066 utitur,
930 3985 1063 4052 Servius
1096 3983 1256 4051 adductus
1288 4005 1304 4050 e

126 4093 163 4151 ut
185 4109 255 4152 eam
289 4089 384 4154 etiam
409 4089 497 4174 apud
519 4088 688 4156 historicos
721 4089 793 4154 illos
826 4095 998 4174 quaereret
1053 4087 1086 4153 Is
1119 4095 1226 4153 autem
1259 4108 1297 4174 ap

124 4212 220 4274 quem
242 4191 381 4258 Latinus
403 4191 551 4258 Troianis
584 4193 719 4258 donasse
751 4205 915 4272 narratur,
948 4192 1032 4260 idem
1066 4191 1153 4277 quod
1184 4191 1289 4257 Home

125 4299 252 4377 τέμενος
273 4295 352 4364 dicit
375 4296 424 4383 (IL
448 4295 508 4373 VI,
532 4296 695 4383 193-96)
716 4297 786 4364 fuit.
