3132 4588
742 159 946 226 -14..

229 343 356 435 copiam
378 348 635 434 fragmentorum
658 369 678 412 a
700 346 900 414 duobusillis
925 347 1014 414 libris
1035 347 1209 433 petitorum
1221 368 1336 434 parum
1358 368 1471 416 accu-

230 459 297 517 rate
319 451 459 520 tradidit.
502 450 586 517 Nem
609 453 828 538 fragmentum
853 453 948 530 idem,
978 451 1065 536 quod
1087 474 1119 538 p.
1137 452 1200 521 423
1223 452 1326 531 tertio,
1349 474 1382 537 p.
1395 453 1472 516 449

230 565 345 639 quarto
367 555 447 623 libro
471 554 585 621 tribuit
606 557 644 620 fr.
668 557 708 620 76
733 556 825 641 (104)
848 565 879 620 et
902 553 1056 621 Sisennae
1078 555 1176 620 verba
1198 555 1325 640 saepius
1348 555 1473 620 citavit
1554 579 1555 588 ¹

230 678 271 722 ex
293 659 362 724 eius
376 698 418 709 —
438 658 601 724 ‘historiae
624 657 715 724 libro’
737 681 796 746 pro
815 658 1031 725 ‘historiarum
1050 657 1141 722 libro’
1164 657 1216 722 vel
1238 680 1276 722 ex
1296 658 1472 730 ‘historio-

235 763 415 848 graph0’1).
441 763 552 847 Atque
570 761 744 827 dolendum
768 781 825 841 est,
847 763 935 847 quod
957 763 1099 848 plerique
1126 761 1187 826 loci
1211 775 1310 826 totam
1334 769 1473 828 senten·

231 867 308 931 tiam
331 889 395 932 non
419 864 576 944 exhibent,
599 865 654 930 sed
666 867 824 932 enuntiati
841 867 980 932 frustula
990 866 1185 932 tenuissima.
1230 864 1318 947 Quid
1330 867 1471 945 mirum,

232 970 320 1053 quod
343 971 524 1055 fragmenta
534 968 687 1036 Sisennae
710 969 951 1055 corruptissima
970 969 1010 1034 ad
1033 991 1091 1034 nos
1102 969 1337 1054 pervenerunt?
1367 967 1467 1050 Qua-

231 1087 363 1158 propter
385 1095 422 1137 ea
444 1072 563 1151 Peteri,
597 1073 654 1158 qui
676 1073 771 1158 plura
804 1095 915 1138 eorum
938 1073 1130 1152 emendavit,
1164 1072 1345 1137 recensione
1377 1071 1470 1137 infra

232 1176 501 1254 enumerabimus,
523 1175 641 1241 additis
662 1177 756 1242 etiam
780 1175 971 1242 lectionibus
993 1176 1100 1255 variis,
1122 1197 1204 1260 quae
1225 1175 1355 1258 quidem
1377 1197 1469 1262 opus

232 1299 300 1344 esse
323 1278 415 1344 nobis
438 1280 614 1347 videantur.
659 1279 698 1344 In
722 1280 927 1365 disponendis
950 1291 1057 1346 autem
1080 1279 1266 1367 fragmentis
1290 1277 1387 1343 Nonii
1411 1300 1469 1342 or-

232 1381 316 1446 dinis
329 1383 356 1467 ²)
379 1393 538 1466 quantum
560 1384 629 1448 fieri
651 1390 767 1468 potest,
790 1383 912 1448 ratione
936 1382 1044 1448 habita
1066 1386 1157 1451 focos·
1175 1407 1248 1448 cum
1274 1403 1314 1446 ex
1349 1403 1465 1446 rerum

232 1483 443 1551 similitudine
466 1487 722 1572 composuimus,
752 1497 822 1550 tum
843 1485 1050 1571 probabiliter
1071 1488 1112 1553 ad
1136 1501 1237 1554 certas
1259 1507 1309 1550 res
1331 1505 1467 1550 revoca-

233 1598 281 1652 tos
304 1587 353 1666 iis,
376 1589 433 1673 qui
466 1587 665 1656 obscuriores
698 1592 762 1654 sint
795 1597 845 1655 vel
879 1591 1009 1655 omnino
1039 1602 1168 1657 careant
1189 1589 1467 1674 interpretatione,

232 1689 464 1776 praemisimus.
508 1691 561 1756 Ita
594 1693 679 1756 enim
709 1692 762 1766 fit,
796 1703 834 1757 ut
856 1715 938 1776 qnae
971 1695 1003 1757 in
1039 1693 1176 1780 singulis
1198 1686 1349 1758 Sisennae
1370 1691 1467 1755 libris

232 1801 359 1860 narrata
381 1795 500 1861 fuerint
522 1795 647 1862 facilius
682 1797 862 1881 perspicias.
906 1797 967 1862 His
989 1797 1171 1882 praemissis
1194 1795 1234 1860 ad
1267 1817 1334 1860 rem
1357 1795 1464 1880 ipsam

233 1897 468 1985 aggrediamur.

321 2123 352 2202 1)
378 2129 448 2184 Item
470 2128 575 2184 Nonius
598 2129 723 2186 Sallustii
746 2129 923 2184 historiarum
945 2129 1018 2185 locos
1041 2131 1140 2190 affert:
1162 2127 1309 2186 Sallustius
1332 2127 1466 2183 historiae

234 2213 283 2273 lib.
307 2215 352 2271 vel
374 2213 550 2270 historiarum
572 2215 619 2270 lib.
642 2216 686 2270 vel
708 2215 773 2276 hist.
797 2215 844 2275 lib.
867 2217 905 2281 cf.
934 2235 1000 2288 pgg.
1026 2211 1103 2284 186,
1136 2212 1207 2285 229,
1237 2212 1309 2284 235,
1341 2209 1403 2272 236
1428 2215 1465 2273 al.

238 2295 272 2380 2)
293 2301 375 2356 Hunc
397 2299 590 2359 enimPeterns
613 2301 727 2357 oonsilio
750 2301 841 2357 omisit
863 2303 898 2364 cf.
920 2320 948 2374 p.
972 2301 1166 2360 CCCXXXV.
