3132 4588
743 302 945 387 ..101-

318 511 436 557 coecam.
453 510 518 551 non
539 488 642 553 solum
655 489 755 553 oculis
778 498 919 573 captum,
942 489 996 552 sed
1020 499 1051 553 et
1069 489 1258 554 insidiosum
1283 497 1314 553 et
1336 494 1472 553 occulte

235 595 354 655 malum
377 598 409 656 et
420 593 554 656 tacitum
567 598 617 656 vel
639 598 739 657 latens
763 593 852 675 quid,
875 592 1045 656 dicendum
1059 608 1179 656 veteres
1202 593 1472 657 aestimaverunt.

30 707 61 760 sr.
83 710 113 758 rs
141 707 215 774 (104)
236 693 368 760 Sisenna
390 695 595 760 historiarum
618 695 671 758 lib.
696 695 762 760 IV:
786 694 898 761 Subito
923 695 1261 760 maresubhorrescere
1284 717 1469 776 caecosque

232 795 350 862 fluctus
383 799 416 861 in
449 820 482 861 se
505 798 693 883 provolvere
715 799 827 864 leniter
848 799 980 884 occepit.
1026 798 1188 878 Vergilius
1211 798 1374 864 Aeneidos
1409 795 1471 863 lib.

234 897 292 977 VI,
310 921 340 971 v.
365 903 415 968 30.

318 1009 398 1066 labro
423 1027 485 1068 non
508 1006 672 1069 hominurn
703 1011 823 1081 solum,
855 1006 911 1069 sod
946 1019 977 1070 et
1012 1006 1167 1089 margines
1201 1006 1250 1069 vel
1284 1005 1362 1068 fines
1397 1003 1468 1065 dici

234 1128 336 1190 posse,
359 1108 531 1172 auctoritas
554 1109 732 1193 persuadet.
779 1105 860 1171 Nam
884 1118 915 1173 et
939 1110 1117 1176 labruscam
1141 1131 1240 1188 genus
1274 1130 1341 1172 esse
1374 1130 1468 1170 erra-

234 1209 314 1275 ticae
337 1211 412 1275 vitis
435 1211 564 1288 volunt,
598 1235 681 1296 quae
714 1213 747 1275 in
785 1215 933 1297 saepibus
956 1227 987 1277 et
1021 1214 1054 1276 in
1082 1212 1177 1276 labris
1200 1234 1349 1297 agrorum
1374 1223 1405 1274 et
1429 1209 1468 1272 in

30 1328 60 1377 11.
83 1333 112 1376 rs
140 1325 215 1392 (loa)
236 1313 377 1377 terminis
402 1317 561 1379 nascitur:
584 1327 620 1380 ut
643 1315 806 1402 Vergilius
829 1319 861 1380 in
887 1317 1047 1382 Bucolicis
1072 1315 1114 1402 [5,
1138 1314 1179 1402 7].
1202 1315 1338 1380 Sisenna
1363 1315 1469 1378 histo-

235 1415 354 1480 riarum
377 1416 430 1482 lib.
453 1417 516 1482 IV:
539 1424 653 1480 Irmr'aos
676 1420 885 1484 trementibus
908 1420 1042 1485 artubus
1064 1432 1184 1498 reportas
1206 1419 1340 1496 extrahi,
1363 1429 1467 1500 atque

235 1518 268 1581 in
291 1517 380 1582 labro
403 1543 529 1585 summo
554 1521 697 1586 fluminis
720 1527 807 1586 caelo
830 1523 963 1590 albente.

319 1626 460 1684 Diacimus
492 1630 561 1686 enim
592 1631 674 1686 ctiam
708 1648 741 1686 aa
772 1631 820 1688 hoo
850 1631 990 1689 verborum
1012 1631 1116 1694 ordine,
1138 1629 1293 1686 historicum
1322 1629 1389 1686 libro
1413 1627 1470 1684 IV

233 1730 288 1786 nisi
308 1747 398 1786 omncs
419 1748 464 1787 res
496 1730 672 1796 duacenses,
704 1742 773 1790 certa
794 1742 882 1790 tomen
917 1753 1012 1790 aarum
1052 1743 1162 1808 partem
1195 1741 1257 1789 unte
1284 1731 1350 1789 aeuo
1370 1739 1466 1804 pastas

234 1831 418 1906 decerpsisse.
465 1827 546 1892 Nam
570 1842 606 1894 ut
628 1832 665 1897 fr
688 1833 728 1894 73
753 1832 845 1916 (118)
865 1830 986 1895 ordinis
1008 1831 1040 1894 in
1064 1854 1095 1915 p.
1119 1833 1157 1894 91
1194 1828 1381 1914 compositi,
1415 1830 1465 1894 ita

235 1932 272 1994 fr.
298 1936 358 1996 105
382 1933 859 2018 (110)etef0rtasse(?)rr74
883 1934 975 2018 (121)
998 1934 1036 1997 ad
1060 1957 1108 1997 res
1131 1934 1330 2010 domesticas,
1354 1943 1462 1996 cetera

234 2044 342 2098 autem
366 2034 513 2099 ordinum
538 2036 629 2121 (pgg.
641 2037 692 2114 91,
717 2039 788 2113 107,
812 2039 888 2116 449)
910 2040 1089 2122 fracmenta
1099 2036 1139 2100 ad
1153 2036 1271 2101 bellurn
1294 2035 1465 2121 pertinent.

236 2135 349 2220 Neque
371 2137 455 2201 enim
479 2139 638 2216 timemus,
662 2161 710 2214 ne,
733 2139 873 2223 quodp.
897 2141 958 2202 449
981 2144 1088 2216 qtoaaac
1121 2163 1139 2200 a
1168 2143 1463 2200 11119111ἰί9πί19-

235 2245 360 2320 cipiantca
382 2241 532 2326 deinceps
556 2241 759 2320 adhibentur,
794 2242 977 2308 coniectura
1010 2253 1117 2308 nostra
1139 2240 1327 2306 infirmetur.
1372 2239 1463 2304 Haeo

236 2343 344 2428 potius
377 2343 603 2428 comprobatur
635 2346 773 2423 ratione,
806 2367 870 2428 qua
906 2346 1043 2410 maxime
1076 2345 1222 2430 exempla
1250 2343 1462 2414 Ciceroniana
1556 2341 1557 2364 ³

238 2458 478 2525 enumerantur,
500 2447 600 2512 veluti
624 2449 717 2515 haee:

321 2547 521 2635 Schmidtp.
546 2553 587 2617 90
612 2551 694 2616 Non.
718 2574 750 2636 p.
767 2554 850 2619 443:

411 2653 527 2718 lemma
549 2656 639 2722 furor
665 2653 736 2719 ab
727 2655 852 2720 rnsania
903 2656 971 2720 Cic.
995 2655 1089 2722 Tusc.
1112 2655 1175 2734 111,

549 2757 758 2826 confidentiae
911 2757 993 2826 Tull
998 2760 1023 2844 ¹)
1046 2759 1140 2825 Tusa.
1158 2758 1219 2836 11,

551 2861 671 2928 invidia
908 2861 978 2932 Cic
1001 2861 1096 2927 Tuae.
1119 2861 1182 2940 Ill,

912 2965 997 3028 idern
1021 2964 1073 3031 lib.
1095 2964 1150 3031 1V.

550 3066 724 3149 aegrotatio
911 3066 978 3133 Cic.
1001 3066 1098 3138 Taso
1121 3068 1178 3144 111,

551 3171 723 3238 iracundus
911 3170 976 3235 Cio.
1001 3169 1096 3234 Tusc.
1121 3169 1180 3246 IV,

551 3274 658 3342 laetari
911 3273 978 3339 Cic.
1000 3272 1095 3340 Tusa.
1118 3271 1178 3350 IV,

549 3376 766 3462 pernicitatem
914 3374 981 3443 Cic.
1003 3374 1098 3440 Tusc.
1122 3375 1163 3454 V,
1185 3323 1293 3462 §.-

915 3477 1036 3564 Vergii.
1060 3476 1177 3563 Georg.
1199 3477 1259 3544 ΙΙΙ.

552 3591 670 3651 metum
918 3582 985 3649 (iic.
1010 3580 1106 3646 Tusa.
1131 3580 1170 3658 V,
1193 3579 1213 3666 ξ
1236 3582 1286 3647 52.

240 3697 278 3754 of.
301 3689 396 3754 etiam
419 3689 558 3766 ordines,
580 3710 661 3772 quos
684 3710 782 3772 supra
805 3685 957 3751 enarravi.

326 3792 421 3856 Errat
443 3791 544 3876 igitur
566 3791 592 3855 si
615 3789 688 3874 quis
711 3791 842 3854 omnino
865 3807 976 3874 neget,
999 3789 1032 3852 in
1054 3787 1221 3852 ordinibus
1243 3787 1306 3852 illis
1330 3786 1460 3873 seriptu-

240 3920 312 3962 rum
336 3895 515 3961 testimonia
551 3916 614 3958 non
638 3895 749 3958 eodem
780 3893 914 3978 proferri
938 3892 1060 3966 ordine,
1096 3914 1160 3976 quo
1194 3891 1288 3956 hodie
1321 3890 1415 3954 etiam
1443 3914 1460 3956 a

240 3998 332 4064 nobis
353 4004 520 4083 leguntur,
553 4019 636 4081 quae
658 3995 791 4080 quidem
809 4018 848 4061 ex
869 3994 959 4060 libris
982 3995 1116 4060 servatis
1148 3993 1248 4078 petita
1283 3992 1364 4070 sint,
1399 3993 1456 4058 nisi

240 4124 350 4168 eorum
373 4107 521 4168 lemmata
542 4099 583 4166 ab
605 4099 714 4165 eadem
738 4099 892 4183 incipiant
916 4097 1028 4162 littera.

243 4261 446 4270 —.-.-—.--—-—=

241 4331 314 4387 cedit
335 4333 451 4406 exempl.
483 4349 517 4386 ex
538 4329 585 4387 lib.
610 4331 653 4384 111
686 4327 801 4401 petitum
833 4323 867 4389 fr.
898 4323 938 4382 54
961 4320 1041 4406 (23).
1102 4321 1133 4405 1)
1164 4326 1200 4386 cf.
1230 4325 1285 4385 hui.
1306 4324 1370 4385 dias.
1392 4323 1453 4396 p.8

241 4427 337 4486 annot,
