3132 4588
764 374 806 387 -
860 339 879 402 6
925 373 969 385 -

246 528 360 592 storiae
386 525 548 590 Romanae
570 525 732 610 attingunt
752 533 898 603 aetatem,
931 549 1022 610 quae,
1053 548 1128 590 cum
1164 525 1296 610 plurimi
1329 526 1400 592 libri
1425 524 1490 588 de-

245 632 412 718 perierint,
435 631 512 695 satis
534 628 671 694 obscura
701 640 732 694 et
764 629 872 694 multis
906 630 1021 694 fabulis
1054 640 1206 693 exornata
1235 629 1327 694 nobis
1350 629 1489 713 prodita

245 745 301 802 est.
345 734 453 816 Quare
474 733 602 797 Riesius
626 733 658 808 (l.
682 756 705 799 s.
730 755 755 795 s.
779 755 808 816 p.
832 733 887 816 64)
912 756 971 796 suo
1002 733 1071 797 iure
1104 732 1223 796 dixisse
1259 733 1396 809 videtur,
1422 753 1487 796 ve-

246 838 308 903 reri
330 861 372 915 se,
395 846 433 901 ut
455 837 556 900 multa
578 836 664 900 illius
688 838 878 921 fragmenta,
901 858 975 899 cum
999 836 1039 899 ad
1073 858 1122 899 res
1154 843 1306 920 spectent,
1337 857 1484 918 quarum
1555 839 1556 912 j

246 963 285 1006 ne
308 947 373 1006 ulla
395 941 529 1024 quidem
555 940 707 1004 memoria
730 947 854 1004 servata
887 941 938 1008 sit,
969 947 1054 1004 certa
1083 940 1203 1003 ratione
1226 939 1377 1022 explicari
1402 961 1484 1024 pos-
1555 959 1556 1010 ζ

247 1043 320 1110 sint.
364 1043 569 1126 Quamquam
604 1041 684 1126 quid
722 1043 863 1119 interest,
896 1053 1007 1106 utrum
1042 1042 1081 1104 de
1111 1041 1308 1126 fragmentis,
1331 1063 1414 1123 quae
1437 1065 1483 1105 ex

244 1169 428 1232 pugnarum
452 1145 721 1230 descriptionibus
744 1145 842 1228 petita
864 1152 949 1222 sunt,
972 1167 1075 1209 unum
1100 1150 1149 1208 vel
1172 1144 1264 1228 plura
1296 1145 1370 1208 huic
1392 1167 1483 1228 pug·
1555 1201 1556 1214 ,

246 1273 314 1328 nae,
337 1273 377 1314 an
398 1249 443 1312 illi
467 1247 599 1325 tribuas,
623 1271 696 1312 cum
720 1248 876 1333 plurimas
897 1253 953 1312 has
976 1247 1204 1331 descriptiones
1234 1247 1324 1310 fictas
1347 1247 1482 1310 histori-

245 1375 355 1418 corum
379 1353 506 1434 ingenio
529 1353 628 1416 fuisse
652 1353 814 1415 sciamus?
870 1351 994 1415 Deinde
1028 1374 1066 1415 ex
1101 1357 1249 1414 accurata
1272 1351 1482 1434 scriptorum,

246 1455 302 1539 qui
326 1456 436 1520 eadem
462 1467 556 1538 atque
581 1455 715 1518 Sisenna
749 1465 892 1538 tempora
924 1454 1111 1538 attigerunt,
1147 1454 1383 1538 comparatione
1407 1454 1482 1518 sine

246 1559 345 1624 dubio
368 1559 597 1623 similitudines
620 1559 775 1642 quaedam
799 1558 882 1621 inter
904 1579 956 1622 eos
979 1557 1191 1642 reperiuntur,
1214 1555 1332 1638 quibus
1355 1561 1482 1620 hocvel

245 1661 325 1726 illud
349 1665 568 1746 fragmentum
581 1662 731 1728 Sisennae
744 1659 851 1743 aliqua
861 1683 934 1724 cum
948 1659 1173 1744 probabilitate
1195 1659 1233 1722 ad
1249 1671 1368 1723 certam
1390 1682 1481 1744 pug-

246 1787 320 1828 nam
335 1759 450 1829 'referri
474 1765 584 1849 possit.
630 1764 669 1827 ln
692 1764 875 1847 fragmentis
897 1775 1016 1841 autem,
1038 1784 1122 1846 quae
1144 1762 1183 1824 ad
1198 1762 1387 1826 domesticas
1411 1761 1479 1824 Ro·

247 1887 415 1930 manorum
438 1889 487 1932 res
509 1867 680 1952 pertinent,
702 1864 899 1929 illustrandis
922 1887 985 1929 non
1008 1870 1101 1949 plane
1124 1887 1243 1928 errasse
1265 1877 1296 1928 et
1318 1865 1479 1948 quodam-

247 1968 343 2033 modo
364 1970 573 2055 perspexisse,
597 1980 755 2053 quatenus
779 1991 828 2033 res
850 1969 930 2033 bello
952 1978 1057 2048 gestae
1089 1989 1164 2032 cum
1196 1967 1380 2032 domesticis
1410 1967 1477 2032 illis

247 2071 456 2150 cohaeserint,
479 2072 555 2136 satis
578 2071 743 2139 habemus.

333 2175 395 2240 Sed
419 2175 607 2260 priusquam
631 2176 671 2240 ad
703 2174 904 2260 propositum
941 2173 1140 2252 accedamus,
1173 2178 1275 2258 placet
1306 2173 1478 2258 explicare,
1555 2159 1556 2254 l

246 2277 407 2360 quomodo
430 2287 461 2342 et
482 2277 590 2362 qualia
613 2277 767 2342 Sisennae
789 2282 963 2356 fragmenta
983 2277 1153 2340 memoriae
1165 2276 1280 2340 tradita
1292 2276 1364 2342 sint.
1389 2275 1477 2339 Con·

246 2390 309 2444 stat
331 2401 367 2444 ca
390 2401 464 2444 cum
487 2379 558 2444 aliis
581 2380 789 2465 scriptoribus
809 2386 879 2442 tum
905 2377 1009 2443 Nonio
1033 2378 1184 2442 Marcello
1221 2377 1339 2455 deberi,
1368 2399 1476 2463 gram·
1555 2389 1556 2440 l

247 2483 363 2548 rnatico
384 2482 431 2546 illi
455 2493 485 2547 et
508 2483 644 2550 stultitia
666 2496 697 2547 et
720 2481 919 2567 neglegentia
940 2483 1058 2566 pariter
1080 2481 1202 2548 infami.
1246 2481 1344 2546 Varie
1365 2491 1475 2545 autem

248 2593 427 2674 fragmenta
449 2586 541 2651 nohis
553 2586 696 2672 prodidit
708 2583 843 2662 Nonius,
866 2585 959 2648 itaut
982 2585 1109 2668 saepius
1132 2597 1202 2646 totns
1214 2591 1296 2647 series
1318 2607 1418 2660 eorum,
1441 2583 1475 2646 id

247 2703 296 2756 est
329 2692 424 2777 plura
456 2714 495 2756 ex
528 2691 639 2755 eodem
673 2695 861 2774 plerumque
894 2687 975 2751 libro
1009 2709 1074 2751 uno
1101 2693 1169 2752 loco
1203 2688 1353 2772 deinceps
1385 2709 1475 2751 enar-

251 2808 344 2875 raret,
366 2795 467 2860 veluti
490 2817 529 2859 ex
552 2794 644 2857 tertio
667 2792 871 2858 historiarum
894 2791 975 2854 libro
999 2791 1095 2857 haec:

102 2896 246 2967 fr26(24)1)
332 2922 364 2984 p.
389 2901 460 2976 141,
482 2898 531 2961 ed.
555 2895 653 2960 Mero.
676 2901 809 2956 murator
832 2892 999 2980 [parietes]
1024 2892 1158 2956 Sisenna
1192 2893 1396 2958 historiarum
1418 2893 1472 2960 lib.

250 3003 320 3071 Ill:
343 3003 421 3068 Post
443 3001 592 3066 villarum
617 2999 766 3064 macerias
789 3020 825 3062 ac
847 2997 1019 3083 parietinas
1044 2998 1187 3079 quinque
1210 3001 1352 3060 cohortes
1371 2996 1405 3058 in
1425 2995 1474 3059 in-

247 3107 336 3172 sidiis
358 3106 494 3190 reliquit.

103 3210 244 3279 ἡ·47(31)
330 3214 530 3288 manipulatim,
555 3207 687 3271 collecta
710 3227 817 3268 manu.
863 3203 997 3268 Sisenna
1020 3203 1222 3266 historiarum
1246 3200 1299 3268 lib.
1322 3203 1384 3266 llI:
1410 3200 1472 3266 Re-

247 3312 432 3396 quiescendi
456 3311 596 3396 spatium
620 3311 715 3388 nacti,
744 3330 847 3391 quum
881 3306 1042 3370 densiores
1077 3304 1300 3389 manipulatim
1330 3305 1471 3370 resistere

250 3414 396 3480 hostibus
419 3414 640 3478 instituissent.

334 3523 524 3598 mutatorium,
546 3515 693 3602 partibus
706 3514 824 3580 multis.
847 3512 982 3576 Sisenna
994 3511 1199 3575 historiarum
1210 3509 1263 3575 lib.
1281 3508 1353 3574 IlI:
1377 3509 1470 3592 Quod

245 3628 324 3701 loca,
346 3621 500 3708 palustria
522 3641 604 3704 quae
626 3630 726 3696 crant,
748 3632 779 3683 et
801 3617 864 3680 alte
887 3613 1092 3679 multifariam
1117 3618 1269 3676 confossa.

332 3735 389 3791 aut
409 3729 518 3802 singula
542 3722 694 3787 Sisennae
711 3728 870 3801 srapmeatu
892 3739 966 3783 cum
990 3715 1067 3780 locis
1090 3739 1129 3780 cx
1151 3716 1220 3779 aliis
1252 3714 1469 3800 scriptoribus,

249 3839 286 3896 ut
308 3852 348 3894 ex
371 3829 525 3894 Cicerone
548 3825 726 3910 desumptis
739 3823 962 3909 conjungeret:

332 3955 363 4017 p.
389 3933 458 3998 125.
482 3935 609 4008 infastum
632 3947 717 3991 mare
741 3926 879 4000 haberet,
902 3946 960 4008 pro
983 3921 1202 3984 latrocinando
1225 3922 1395 3986 infestaret
1427 3921 1467 3986 bl.

247 4035 376 4101 Tullius
407 4034 447 4098 de
469 4031 633 4116 republica
645 4032 699 4098 lib.
724 4029 794 4094 llI:
819 4027 901 4090 Nam
924 4047 1026 4108 quum
1050 4037 1256 4107 quaereretur
1278 4048 1317 4090 ex
1339 4047 1385 4102 eo,
1408 4047 1467 4107 quo

249 4138 366 4205 scelere
388 4136 575 4222 compulsus
600 4157 685 4199 mare
709 4131 838 4198 haberet
860 4131 1012 4194 infestum
1025 4151 1089 4192 uno
1102 4150 1313 4212 myoparone:
1336 4127 1465 4205 Eodem,

245 4241 362 4324 inquit,
384 4261 449 4324 quo
470 4247 507 4305 tu
530 4237 639 4303 orbem
661 4249 770 4304 terrae.

103 3483 247 3554 amau

334 4381 366 4456 1)
389 4383 508 4438 numeris
542 4381 619 4437 uncis
652 4378 763 4435 inclusis
795 4375 967 4450 significatur
993 4376 1069 4444 ordo,
1102 4393 1156 4447 quo
1182 4373 1295 4430 Petcrus
1318 4374 1466 4445 fragmenta

249 4468 419 4528 euomuerit
439 4488 469 4542 p.
491 4466 553 4526 277
575 4486 617 4543 sq.
