3132 4588
604 303 647 316 ..
701 268 803 334 39ῌ

8 517 9 528 ,
94 447 199 539 petiit.
243 451 596 541 vid.Appian.1‚·4s.
640 453 730 518 Haec
761 463 868 516 autem
905 471 953 516 res
987 465 1069 518 certe
1104 475 1188 519 anno
1211 455 1323 539 cossas

97 557 273 622 tribuenda
295 570 350 625 est.
372 565 410 622 cf.
433 559 515 644 expl.
539 565 575 624 fr.
599 561 648 625 28.

691 661 741 726 50.

8 831 9 852 ,
186 763 266 831 Non.
289 787 312 826 s.
336 786 364 826 v·
387 763 575 843 indulgitate
597 787 626 848 p.
653 765 725 830 lto.
770 763 905 826 Sisenna
929 762 1131 828 historiarum
1155 763 1235 827 libro
1249 763 1322 828 111:

8 879 9 960 j
100 865 222 930 Bassus
244 868 432 932 assiduitate
455 867 648 953 indulgitate
671 868 786 931 victus.
809 867 845 930 P.
870 869 919 934 46.

8 961 9 966 “
186 969 236 1034 Dc
259 971 387 1034 nomine
410 971 539 1056 proprio
561 971 725 1055 quaeritur
747 981 857 1035 utrum
882 969 1054 1035 Ventidius
1084 968 1205 1036 Bassus
1239 971 1326 1035 dica·

101 1079 164 1147 tur,
188 1083 278 1156 pater
301 1072 392 1136 ducis
415 1073 502 1138 illius
525 1073 729 1149 celeberrimi,
752 1074 808 1156 qui
831 1095 953 1158 puera
984 1071 1044 1143 Cn,
1077 1071 1229 1157 Pompeio
1262 1075 1326 1137 As-

99 1179 173 1238 culo
195 1187 289 1260 capto
311 1197 370 1260 per
393 1177 592 1260 triumphum
606 1177 723 1241 ductus
747 1188 793 1240 est
805 1176 842 1261 ¹),
866 1199 906 1240 an
931 1175 1152 1252 Bassusalius‚
1175 1177 1231 1259 qui
1254 1178 1326 1260 quis

100 1279 198 1342 fuerit
213 1279 380 1345 nescimus.
403 1279 474 1343 Hoc
487 1279 689 1344 verisimilius
713 1279 841 1344 Riesius
863 1281 992 1364 puta-vit
1015 1301 1082 1343 esse
1097 1280 1140 1362 (p.
1164 1279 1229 1364 60),
1252 1302 1325 1344 cum

99 1383 136 1456 is,
161 1403 257 1464 quem
284 1381 420 1446 Romani
432 1383 632 1468 indulgentia
644 1381 702 1445 sibi
717 1383 948 1458 conciliassent,
971 1381 1056 1446 lrnud
1081 1380 1178 1445 dubie
1200 1382 1244 1446 ita
1259 1395 1327 1446 stu-

8 1509 9 1514 *
103 1485 233 1550 diosum
264 1509 373 1549 eorum
397 1509 429 1550 se
452 1485 655 1570 praebiturus
677 1486 797 1562 fuisset,
819 1493 856 1549 ut
877 1507 980 1569 neque
1001 1486 1080 1570 ipse,
1113 1505 1217 1567 neque
1242 1485 1327 1550 filius

99 1611 159 1672 per
180 1589 381 1672 triumphum
406 1587 481 1652 duci
503 1599 618 1672 posset.
664 1587 727 1652 Cui
750 1587 881 1670 quidem
905 1587 1168 1670 sententiaequid
1183 1587 1326 1653 tribuen-

101 1691 183 1755 dum
209 1689 261 1767 sit,
283 1697 334 1754 vel
356 1691 430 1754 inde
452 1701 596 1775 apparet,
619 1691 705 1772 quod
729 1689 856 1754 Riesius
880 1713 948 1754 earn
973 1694 1103 1753 fortasse
1134 1713 1197 1753 non
1222 1691 1325 1756 dictu·
1358 1773 1360 1779 ,

100 1817 159 1857 rus
183 1793 304 1870 fuisset,
328 1793 388 1856 nisi
412 1805 448 1856 ut
461 1815 569 1858 secum
592 1793 781 1856 consentiret
804 1793 843 1857 dc
865 1793 919 1869 eis,
942 1793 1068 1875 quaein
1090 1792 1172 1856 libro
1197 1792 1252 1856 ΙΙΙ
1275 1793 1324 1857 hi-

8 1951 9 1978 ,
99 1895 273 1960 storiarum
298 1907 423 1960 narrata
445 1895 542 1959 fuisse
565 1895 688 1966 statuit.
734 1893 814 1958 Nam
836 1897 861 1958 si
891 1893 1026 1960 Bassum
1062 1895 1264 1960 Aeculanum
1287 1897 1326 1960 il-

8 1983 9 2012 *
98 2004 169 2063 lum
193 1998 410 2081 intellexisset,
441 2021 507 2062 rem
530 1998 688 2084 attigisset
710 1997 852 2074 Sisenna,
875 2021 957 2082 quae
980 1999 1055 2062 huic
1078 1997 1177 2062 Riesii
1201 2013 1327 2065 senten-

101 2101 148 2164 tia
170 2101 233 2164 iam
259 2100 292 2163 in
315 2099 411 2164 altero
434 2099 513 2162 libro
544 2101 700 2164 narranda
719 2112 811 2184 erat,
845 2123 909 2184 quo
942 2124 1048 2164 rerum
1072 2102 1328 2186 descriptionem,

8 2243 9 2246 =
103 2225 189 2287 quae
211 2225 238 2268 a.
261 2203 377 2284 664190
399 2201 431 2265 in
455 2203 528 2266 sede
553 2201 625 2265 belli
639 2203 886 2287 septemtrionali
899 2214 1126 2287 gestaeessent‚
1149 2205 1325 2289 planecon·

8 2311 9 2348 l
102 2305 239 2370 fecisset.
276 2303 371 2386 Quod
394 2309 509 2368 falsum
527 2327 595 2369 esse
607 2305 686 2368 intra
711 2327 760 2368 me
786 2306 999 2370 demonstrare
1011 2327 1103 2390 posse
1116 2307 1194 2370 mihi
1209 2309 1327 2386 videor,

106 2431 183 2472 cum
196 2409 235 2472 de
249 2417 436 2490 argumento
447 2406 583 2472 libriIlI
598 2408 836 2493 disputaverim.
859 2408 1010 2474 Ceterum
1023 2409 1080 2473 etsi
1094 2409 1179 2474 haud
1193 2415 1331 2475 multum

105 2513 241 2575 interest
264 2511 353 2585 scire,
376 2510 448 2592 quis
471 2509 523 2573 ille
548 2511 665 2574 Bassus
687 2511 792 2589 fuerit,
815 2511 1062 2576 tamenomnino
1076 2513 1186 2598 negari
1211 2513 1329 2596 nequit,

105 2616 322 2694 fragmentum
351 2611 391 2676 ad
423 2611 613 2678 Ventidium
647 2625 678 2677 et
707 2635 772 2677 rem
807 2627 949 2699 spectare
978 2637 1081 2700 posse,
1110 2637 1192 2697 quae
1216 2617 1329 2682 Asculi

114 2717 239 2782 accidit.

665 2821 739 2910 61.

194 2921 275 2988 Non.
299 2943 323 2990 s,
348 2944 376 2985 v.
400 2919 555 3005 protelare
578 2943 610 3006 p.
632 2923 703 2986 363.
749 2905 883 2988 Sisenna
905 2924 975 2992 hist.
998 2921 1050 2990 lib.
1073 2925 1143 2989 Ill:
1169 2923 1328 2988 Romanos

112 3024 234 3109 impetu
258 3046 316 3087 suo
339 3025 506 3108 protelant,
529 3030 697 3109 protelatos
720 3036 937 3109 persecuntur.
982 3026 1017 3088 P.
1042 3029 1092 3092 27.

196 3127 289 3208 Quae
313 3126 529 3192 Romanorum
553 3128 658 3192 clades
680 3129 734 3192 hic
756 3129 840 3193 dicta
860 3129 910 3207 sit,
933 3129 1100 3194 nescimus.
1151 3129 1331 3195 Verisimile

110 3237 214 3294 tamen
238 3238 294 3306 est,
317 3229 413 3294 verba
436 3231 592 3315 pertinere
614 3231 654 3295 ad
677 3254 774 3296 unam
798 3254 836 3295 ex
860 3233 915 3310 eis,
938 3254 1018 3315 quas
1041 3231 1086 3294 illi
1109 3231 1200 3296 initio
1235 3255 1331 3318 expe·

111 3333 240 3398 ditionis
263 3357 290 3396 a.
314 3335 432 3420 664s90
454 3348 655 3419 aeceperunt.

200 3461 202 3466 ·
694 3439 733 3502 52

194 3537 275 3605 Non.
297 3562 319 3605 s.
342 3562 370 3605 v.
394 3539 542 3604 mandare
564 3561 595 3624 p.
622 3539 690 3604 135.
735 3539 869 3605 Sisenna
891 3541 1038 3605 historiae
1061 3542 1142 3605 libro
1158 3541 1226 3606 Ill:
1250 3541 1330 3605 Post

109 3633 273 3726 principia
288 3642 442 3726 paulatim
466 3644 619 3706 recedunt
641 3660 737 3726 atque
759 3645 833 3708 inde
856 3667 928 3708 cum
949 3644 1060 3730 paucis
1083 3652 1179 3730 fugae
1200 3667 1331 3709 seman·

112 3743 197 3816 dant.
242 3743 279 3808 P.
304 3747 352 3810 34.

198 3845 304 3910 Verba
327 3848 523 3912 conveniunt
534 3848 770 3932 quodammodo
783 3869 856 3912 oum
871 3851 925 3926 cis,
947 3872 1029 3934 quae
1043 3853 1331 3937 Appianas(1,5l)

111 3949 148 4013 de
170 3948 273 4033 Papio
298 3949 424 4018 Mutilo.
448 3952 640 4016 Samnitium
664 3951 746 4016 duce
768 3953 885 4038 prodit,
907 3975 980 4017 cum
1005 3953 1057 4016 lric
1080 3978 1098 4018 a
1121 3954 1209 4021 Sulla
1221 3978 1331 4041 repen·

197 4194 228 4265 l)
251 4195 316 4250 fasti
338 4195 467 4269 triumph.
488 4191 538 4275 (cf.
563 4199 623 4258 Val.
645 4199 718 4259 Max.
743 4192 801 4266 Vl,
825 4197 853 4267 9,
877 4193 921 4264 9).
953 4198 1053 4257 Vellei.
1070 4202 1108 4269 ΙΙ,
1133 4199 1182 4269 65,
1207 4199 1234 4262 3.
1258 4200 1330 4258 Plin.

111 4281 173 4337 hist.
200 4291 257 4340 nat.
281 4283 345 4349 Vll,
369 4279 419 4349 43,
443 4279 491 4342 44,
535 4284 627 4344 Iuven.
648 4293 698 4345 sat,
728 4284 755 4352 7,
782 4282 849 4346 199,
893 4285 962 4347 Geli,
985 4285 1018 4348 N,
1052 4289 1085 4342 A.
1121 4289 1186 4358 XV,
1209 4284 1235 4348 4,
1280 4286 1332 4342 Dio

111 4368 184 4430 0888,
207 4368 313 4439 ΧῙΔΠῙ,
337 4365 394 4436 5Ῑῆ
418 4369 523 4437 XLIX,
548 4365 599 4438 21,
