3132 4588
598 235 776 302 „25-

66 421 159 504 αύτῇ
189 421 362 502 Ῥωμαίοις,
386 428 545 504 δισχιλίοις
569 419 669 498 οὖσιν,
691 421 850 506 ἐκήρυξεν,
885 428 914 488 εἰ
932 431 1129 501 peramato,
1161 421 1305 507 στρατεύ-

67 545 143 589 σειν
170 528 283 611 ἑαυτῷ.

73 609 76 612 ’
666 628 714 689 17.

166 727 248 792 Non.
272 752 295 792 s.
309 751 337 792 v.
363 739 496 792 materen
519 753 549 813 p.
567 731 637 795 556.
681 728 815 792 Sisenna
838 729 947 793 histor.
972 729 1026 792 lib.
1040 729 1110 796 111:
1133 729 1219 796 Galli
1240 753 1306 795 ma-

68 830 203 894 teribus
227 844 282 896 aut
303 833 421 896 lanceis
444 833 610 917 configunt
633 832 669 896 P.
693 833 742 897 29.
1210 879 1217 910 ,

124 935 356 1019 Fragmentum
380 936 423 998 ita
437 935 735 1011 ttothiusrestituit
760 957 833 998 eum
853 933 1002 1000 lectiones
1022 936 1140 1022 ‘gallia’
1163 935 1305 1014 et‘sani’,

75 1058 164 1118 quas
189 1037 344 1120 praebent
366 1039 501 1115 cortices,
524 1040 556 1101 in
569 1038 743 1122 scripturas
763 1037 1193 1123 ‘Galli'et‘aut’cnrrigeret.
1212 1038 1294 1104 ‘sani

74 1153 191 1202 autem
216 1162 326 1204 vocem
350 1155 531 1225 corruptam
556 1141 641 1204 varie
665 1151 872 1204 mutaverunt
894 1143 954 1205 viri
978 1143 1060 1206 ducti
1085 1143 1139 1220 ita,
1162 1155 1198 1208 ut
1211 1143 1306 1206 Nico-

71 1248 149 1305 laus
187 1243 321 1307 lanensis
351 1242 512 1328 ‘hispani',
543 1242 658 1328 ‘spani’
693 1245 865 1320 Mercerus,
891 1241 1016 1308 ‘Suavi’
1040 1245 1305 1325 Vlitius,1unius

70 1345 204 1408 ‘Suevi'
227 1345 407 1410 scriberent.

672 1454 717 1517 18.

171 1550 251 1616 Non.
274 1552 371 1617 dativ.
394 1575 451 1636 pro
471 1552 532 1617 abl.
556 1577 586 1638 p.
610 1556 671 1617 502
696 1553 827 1618 Sisenna
850 1554 1051 1618 historiarum
1075 1555 1129 1620 tit.
1151 1556 1220 1622 111:
1250 1556 1305 1620 Ati

78 1655 167 1718 saltu
190 1675 227 1716 ae
240 1654 403 1717 velocitate
416 1663 534 1718 certare
558 1657 592 1722 P.
615 1654 804 1721 30.-‘atii’
827 1656 1034 1740 scripturam,
1057 1679 1153 1740 quam
1177 1657 1306 1742 praebet

79 1757 181 1819 editio
206 1754 301 1818 Nonii
328 1755 515 1821 Basileensia
538 1781 565 1821 a.
592 1759 683 1833 1526,
717 1757 855 1822 Rothius
879 1759 1016 1822 mutavit
1039 1759 1072 1822 in
1101 1759 1202 1828 ‘aliis’.
1231 1759 1306 1825 ‘sal-

80 1861 131 1923 tui
154 1880 191 1922 ac
217 1859 385 1922 velocitati'
413 1861 507 1923 habet
531 1862 598 1926 eod.
623 1860 774 1926 Laurent.
797 1860 834 1927 F.
856 1861 904 1928 ed.
929 1861 1083 1928 Parma.
1107 1865 1201 1930 1480.

171 1961 310 2039 Rieaius,
342 1964 428 2043 quod
462 1963 590 2027 duobus
615 1964 664 2026 his
686 1963 872 2049 fragmentis
895 1964 934 2027 de
957 1961 1057 2028 Gallis
1080 1968 1204 2050 agitur,
1237 1965 1306 2050 opi-

81 2079 179 2128 natus
204 2077 250 2128 est
268 2069 312 2149 (p.
335 2066 390 2149 60)
414 2066 577 2130 Sisennam
601 2066 634 2128 in
658 2067 717 2130 hoe
731 2066 810 2128 libre
833 2065 929 2128 etiam
942 2067 1187 2151 expeditionem,
1208 2090 1306 2151 quam

82 2168 222 2231 Rormmi
245 2191 270 2232 a.
293 2171 406 2253 cettan
430 2180 565 2233 exeunte
588 2170 623 2238 C.
649 2168 787 2234 Caecilio
810 2169 946 2232 ducein
969 2168 1075 2234 Gallia
1097 2169 1307 2256 Transalpina

82 2283 196 2334 centra
219 2269 376 2336 Salluvios
391 2271 577 2336 rebellantes
600 2273 823 2356 suscepissent,
846 2272 1049 2356 descripsisse
1061 2273 1149 2358 (Liv.
1174 2274 1305 2358 rufin).

84 2374 205 2436 Eorum
232 2385 339 2438 autem
364 2383 485 2452 metus,
519 2377 598 2459 quin
622 2398 696 2438 curn
721 2378 799 2438 belle
816 2374 924 2439 sociali
957 2375 1144 2454 cohaeserit,
1178 2398 1241 2441 non
1262 2413 1306 2426 -

83 2489 120 2540 ut
152 2476 279 2540 Riesius
313 2485 404 2561 putat
443 2515 480 2525 —
515 2479 555 2542 ab
591 2502 626 2543 eo
649 2479 770 2543 alienus
802 2479 909 2557 fuerit,
931 2479 987 2542 vix
1021 2489 1123 2562 potest
1157 2477 1306 2548 dubitari.

85 2579 251 2642 Discimus
274 2580 358 2642 enim
383 2602 421 2643 ex
431 2585 606 2660 fragmento
620 2580 765 2646 Sallustii
776 2583 814 2665 1),
834 2580 927 2646 ‘citra
950 2582 1085 2646 Padum’
1107 2619 1151 2629 -
1172 2583 1218 2646 sic
1239 2593 1306 2648 erat

84 2683 146 2744 sita
161 2681 375 2746 Salluviorum
401 2681 478 2746 urbs
501 2721 542 2731 -
563 2683 732 2750 ‘omnibus
755 2691 858 2764 legem
883 2684 1042 2748 Licinium
1065 2685 1169 2749 fraudi
1184 2685 1304 2753 fuisse'.

84 2784 155 2848 Hac
178 2797 287 2848 autem
310 2785 380 2870 lege
403 2785 442 2848 ‹le
473 2787 628 2870 regundis
651 2788 684 2850 in
707 2811 765 2852 sua
784 2788 913 2882 pivitate
936 2787 1040 2864 sociis,
1062 2809 1144 2871 quae
1165 2787 1306 2872 plerum·

85 2909 147 2970 que
171 2893 221 2950 lex
245 2887 372 2951 Licinia
395 2899 425 2950 et
449 2888 559 2952 Mucia
582 2890 710 2968 dicitur,
732 2890 879 2974 inprimis
903 2901 1097 2955 commotum
1121 2891 1220 2954 fuisse
1244 2889 1306 2956 bel·

84 2995 153 3053 lum
187 2991 301 3054 sociate
336 3002 469 3054 testatur
503 2993 664 3056 Asconius
698 2993 752 3078 (ad
788 2993 855 3059 Cic.
887 3015 918 3077 p.
951 2991 1048 3062 Corn.
1082 2993 1119 3056 fr.
1145 2995 1185 3059 10
1212 3015 1242 3078 p.
1265 2994 1305 3060 67

86 3092 200 3176 Orell.)
259 3094 321 3157 Sed
356 3104 461 3157 tamen
495 3081 691 3178 putaverim,
725 3118 823 3180 supra
855 3095 962 3180 potius
994 3094 1205 3176 intellegenda
1239 3117 1307 3162 esse

85 3195 208 3259 auxilia
229 3195 412 3273 Gallorum,
445 3219 582 3281 quorum
619 3197 699 3262 bello
724 3198 862 3262 Marsico
894 3199 978 3262 haud
1001 3198 1119 3283 exigua
1140 3199 1307 3282 utriusque

87 3300 189 3382 partis
212 3307 315 3364 castra
334 3308 444 3364 secuta
465 3311 549 3367 sunt.
593 3300 712 3366 Decem
747 3303 833 3366 enim
868 3301 954 3366 milia
977 3323 1087 3366 eorum
1109 3303 1144 3366 in
1165 3301 1306 3367 exercitu

87 3401 242 3478 Romane,
264 3403 320 3483 qui
345 3403 480 3468 Caesare
503 3403 638 3468 ducein
663 3403 840 3488 Campania
861 3416 989 3468 coactus
1012 3412 1095 3482 erat,
1127 3405 1224 3468 fuisse
1245 3403 1307 3470 sci·

87 3527 159 3567 mus
182 3504 336 3588 (Appiam.
357 3506 382 3573 b.
405 3529 430 3572 c.
454 3507 479 3584 I,
502 3509 558 3591 42)
583 3528 686 3590 neque
709 3528 828 3590 paucos
852 3507 886 3569 in
909 3507 1048 3571 exercitu
1062 3506 1208 3591 Pompeii
1221 3507 1307 3572 Stra·

87 3605 179 3671 bonis
203 3630 302 3692 prope
315 3610 473 3674 Asculum
490 3611 646 3674 Picenum
669 3608 820 3674 collocato
845 3609 1003 3693 stipendia
1026 3610 1178 3674 meruisse
1200 3614 1307 3694 plum-

90 3711 138 3776 bis
162 3711 344 3790 Asculanis,
366 3735 447 3796 quae
464 3714 573 3778 fundis
599 3712 825 3791 mittebantur,
860 3712 1104 3779 demonstratur.
1135 3719 1173 3777 ef.
1196 3715 1233 3780 ir.
1258 3713 1305 3780 15.

90 3816 218 3879 Praeter
240 3812 350 3878 Gallos
372 3826 479 3879 autem
505 3816 721 3881 Romanorum
744 3815 863 3880 auxilia
896 3837 960 3880 non
993 3816 1212 3894 nominantur,
1244 3815 1306 3880 nisi

90 3917 258 3993 Numidae,
283 3917 399 3995 Mauri,
423 3920 531 4002 copiae
545 3920 706 3984 Ponticae.
729 3922 769 3990 cf,
782 3919 868 3983 Plut
887 3917 1003 3986 Sertor.
1025 3940 1050 3985 e.
1072 3924 1101 3986 4
1144 3919 1306 3984 Incertum

90 4020 271 4104 igiturest,
294 4031 403 4086 utrum
428 4021 565 4107 Hispani
589 4021 638 4086 vel
663 4022 762 4088 Suevi
785 4061 827 4070 -
850 4022 876 4086 si
909 4043 1023 4086 nemen
1046 4021 1150 4086 simile
1183 4022 1216 4086 in
1239 4043 1308 4086 cor·

103 4163 293 4171 -..α’-..-

177 4228 209 4314 1)
232 4233 296 4296 bist.
320 4234 366 4296 lib.
390 4236 404 4288 1
427 4235 459 4294 fr.
487 4231 523 4290 17
547 4235 601 4304 (ed.
624 4229 724 4316 Kritz).
