3132 4588
767 218 970 280 ..24-

244 403 331 481 sisse,
355 403 413 470 Cn.
436 404 625 488 Pompeium
663 412 787 480 autem,
822 404 891 469 eius
925 405 1049 476 ducent,
1074 397 1222 488 quitum
1245 412 1372 488 praetor
1395 416 1486 482 erat,

244 507 411 592 eruptione
435 509 670 570 Asculanorum
688 507 713 590 ¹)
736 506 896 589 simulque
919 509 1041 592 impetu
1066 508 1201 571 aliorum
1228 507 1378 582 hostium,
1415 509 1484 589 qui

244 632 318 674 eum
342 609 584 694 erumpentibus
607 608 669 671 illis
683 631 715 671 sc
728 610 969 685 coniunxerant,
993 611 1233 675 reiectumesse.
1279 609 1351 672 Hac
1361 623 1481 673 autern

246 711 464 775 Romanorum
488 712 574 775 clade
598 711 735 774 maxime
757 713 879 795 populi,
901 713 958 795 qui
981 712 1356 776 adhucRomanisfidem
1379 734 1485 796 prae-

245 815 400 879 stitissent
423 820 473 879 vol
491 814 635 878 nondum
657 837 745 876 arma
767 815 932 898 cepissent,
966 816 1098 880 adducti
1131 817 1228 880 fuisse
1251 815 1412 891 videntur,
1439 828 1481 879 ut

246 940 283 980 ea
301 929 449 1000 caperent
471 929 501 982 et
524 917 712 980 seditionem
736 917 832 980 latius
856 917 1080 982 diffunderent.
1126 921 1233 1000 Quare
1256 917 1372 982 Orosio
1395 939 1482 980 auc-

244 1026 311 1084 tore
334 1019 563 1104 descriptiones
586 1041 768 1104 pugnarum
793 1041 866 1082 curn
891 1021 1088 1085 Samnitibus
1100 1023 1259 1085 editarum
1273 1020 1372 1084 veluti
1384 1021 1481 1104 apud

247 1123 435 1186 Aeserniam
460 1131 574 1202 gestae,
597 1144 661 1204 qua
684 1121 801 1186 Caesar
823 1129 934 1186 consul
956 1126 1048 1188 fusus
1071 1137 1129 1201 est,
1159 1137 1255 1206 atque
1278 1125 1384 1188 clades
1409 1124 1480 1187 Ro-

247 1224 348 1288 nranis
371 1247 389 1288 a
411 1224 528 1289 Marsis
550 1225 655 1289 illatae
677 1237 749 1309 post
773 1227 956 1289 memoriam
980 1249 1107 1310 pugnae
1130 1227 1215 1290 illius
1248 1229 1288 1290 ad
1312 1227 1480 1290 Asculum

246 1333 355 1403 factae,
379 1350 441 1390 non
465 1351 504 1392 ex
527 1329 671 1412 Appiani
695 1329 873 1392 narratione
895 1338 968 1392 ante
991 1352 1059 1392 eant
1083 1331 1270 1394 statuendae
1293 1343 1377 1395 suut.
1408 1331 1479 1392 As-

246 1436 355 1494 culum
377 1442 484 1494 autem
496 1443 565 1494 tum
578 1431 708 1494 demum
722 1429 860 1494 obsideri
873 1445 1019 1515 coeptum
1035 1444 1092 1509 est,
1114 1457 1188 1497 oum
1208 1433 1394 1516 Pompeius,
1418 1433 1480 1514 qui

247 1534 355 1596 Firmo
378 1533 505 1596 clausus
529 1533 660 1616 Sulpicii
683 1533 824 1596 adventu
848 1536 1047 1618 eruptionem
1083 1535 1166 1611 lecit,
1199 1534 1364 1598 obsidione
1394 1535 1479 1598 libe-

247 1648 335 1700 ratus
358 1643 459 1700 estet
481 1635 555 1700 'cum
578 1635 632 1698 illo
655 1635 800 1700 Picentes
827 1629 920 1701 fudit.
965 1643 1004 1699 cf.
1028 1637 1168 1720 Appian.
1190 1639 1217 1714 Ι,
1248 1639 1287 1700 47
1323 1637 1375 1702 fin.
1401 1637 1478 1702 Liv.

248 1743 289 1806 74
311 1739 380 1802 init.

834 1844 882 1904 14.

333 1942 413 2010 Non.
436 1966 458 2009 s.
482 1966 510 2007 v.
533 1943 711 2008 funditores
733 1966 764 2028 p.
788 1944 858 2010 553.
901 1943 1036 2008 Sisenna
1059 1945 1129 2010 hist.
1153 1943 1205 2010 lib.
1229 1943 1299 2008 III:
1323 1944 1373 2006 Ac
1398 1950 1473 2028 post

247 2053 384 2110 armatos
407 2046 584 2112 funditores
607 2068 647 2110 ac
670 2046 850 2131 sagittarios
874 2049 973 2131 ponit.
997 2047 1032 2114 P.
1057 2049 1105 2112 19.

272 2213 275 2218 ,
835 2151 882 2214 15.

333 2251 405 2316 Non
428 2275 453 2316 s.
476 2275 506 2322 v.
530 2274 644 2336 sparus
666 2274 697 2337 p.
721 2254 791 2319 555.
835 2253 966 2318 Sisenna
988 2253 1094 2316 histor.
1117 2251 1170 2320 lib.
1194 2252 1263 2317 111:
1299 2252 1410 2336 Sparis
1435 2273 1473 2314 ae

252 2357 369 2421 lanceis
392 2357 516 2420 eminus
538 2364 682 2440 peterent
704 2362 817 2422 hostes.
861 2356 895 2422 P.
919 2358 969 2422 21.
1561 2421 1562 2442 χ

334 2459 423 2524 11666
445 2481 574 2544 quoque
597 2461 777 2544 fragmenta
798 2459 838 2522 ad
864 2460 1060 2524 Ascalonem
1090 2458 1177 2522 illam
1211 2481 1354 2543 pugnam
1384 2480 1476 2520 revo-

248 2586 318 2630 care
339 2563 419 2630 licet.
463 2562 655 2626 Funditores
677 2562 761 2626 enirn
785 2562 814 2625 ei
847 2563 1028 2628 interfuisse
1051 2562 1243 2624 documento
1276 2571 1352 2624 sunt
1381 2567 1475 2646 glan·
1561 2567 1562 2578 ¹

250 2667 323 2744 des,
364 2667 515 2751 plumba,
555 2687 637 2748 quae
671 2666 780 2729 fundis
814 2664 1039 2742 mittebantur,
1079 2677 1186 2728 nostra
1237 2674 1339 2727 aetate
1371 2665 1480 2727 atlbuc

251 2781 383 2834 servata.
399 2771 491 2836 -cf.
518 2769 708 2844 Mommsen,
731 2769 802 2834 hist.
825 2767 915 2833 Rom.
940 2767 972 2832 ΙΙ
995 2790 1026 2851 p.
1051 2769 1112 2831 230
1134 2790 1206 2833 ann.
1230 2767 1292 2832 vid.
1314 2775 1421 2829 tamen
1444 2779 1475 2830 et

248 2869 309 2934 Th.
334 2871 451 2956 Bergk,
475 2871 664 2936 Inschrit'ten
687 2875 765 2934 rb'm.
791 2869 1127 2954 Schlendergeschosse
1150 2869 1243 2933 uebst
1271 2893 1297 2933 e.
1324 2869 1471 2934 Voruort

252 2972 303 3041 ab.
329 2975 477 3039 moderno
499 2974 737 3059 Falschungen.
764 2975 871 3058 Leipz.
897 2976 987 3038 1876.
1041 2971 1293 3056 Zangemeister:
1329 2972 1472 3036 'Monats-

251 3075 390 3141 berichte
414 3077 468 3140 der
493 3075 575 3143 Berl.
599 3077 699 3142 Acad.
724 3079 805 3142 1875
828 3099 857 3160 p.
880 3077 942 3140 465
965 3097 1010 3158 sq.
1034 3078 1115 3141 1676
1138 3097 1170 3160 p.
1194 3077 1236 3140 64
1257 3096 1304 3157 sq.

844 3181 891 3244 16.

337 3281 419 3348 Non.
442 3305 465 3348 s.
487 3305 517 3346 v.
541 3281 710 3346 convenire
733 3305 763 3366 p.
786 3284 858 3352 263.
904 3280 1038 3344 Sisenna
1070 3281 1274 3346 historiarum
1304 3279 1386 3343 libro
1408 3281 1471 3344 III:

255 3385 394 3471 Signum
417 3395 554 3450 nanctus
576 3408 595 3449 a
617 3384 729 3469 Papio,
751 3386 837 3467 quod
861 3385 943 3448 inter
965 3407 1018 3448 cos
1041 3384 1108 3448 tolli
1132 3395 1329 3449 convenerat.
1363 3382 1399 3446 P.
1423 3385 1472 3454 62.

337 3487 525 3552 Tribuimns
549 3489 609 3550 hoc
632 3489 850 3572 fragmentum
873 3487 952 3552 libro
977 3487 1038 3564 ΙΙΙ,
1061 3508 1260 3570 quamquam
1285 3486 1410 3550 Nonius
1433 3508 1471 3550 ex

253 3603 369 3674 quarto
391 3591 509 3668 attulit,
533 3590 629 3672 qnod,
653 3612 727 3654 cum
761 3591 927 3655 antecedat
960 3589 1101 3654 definitio
1133 3590 1296 3674 scriptoris
1329 3590 1470 3674 exemplo

251 3695 377 3770 omisso,
400 3695 433 3758 in
455 3715 587 3758 numero
609 3693 769 3758 afferendo
795 3717 882 3758 error
904 3692 994 3757 facilc
1017 3694 1175 3756 committi
1188 3692 1301 3777 potnit.
1345 3690 1470 3757 ctNon.

253 3799 303 3870 ed,
337 3798 512 3879 Quichcrat
543 3819 572 3881 p.
595 3798 656 3860 293
690 3819 764 3860 ann.
788 3835 830 3846 -
863 3797 912 3860 De
946 3797 1004 3859 hac
1037 3795 1133 3860 Nonii
1164 3794 1390 3880 compilatione
1412 3796 1471 3862 vid.

253 3900 402 3966 Schmidt
424 3901 442 3966 l.
464 3906 483 3964 l.
507 3922 538 3984 p.
563 3901 591 3962 8.

335 4003 425 4088 'Apte
448 4003 532 4068 enim
567 4003 619 4065 illa
651 4003 749 4068 verba
781 4005 990 4068 conferuntur
1022 4023 1096 4066 cum
1120 4002 1264 4086 Appiani
1287 4002 1326 4064 de
1350 3999 1377 4067 b.
1400 4022 1426 4068 6.
1448 4003 1470 4078 Ι,

253 4108 315 4171 42:
355 4108 446 4186 l'dt'og
479 4113 511 4172 ot
544 4107 667 4184 Πάπιος
701 4108 818 4173 Νῶλάν
840 4133 873 4171 τε
896 4108 974 4172 stlta
997 4109 1030 4170 ἐκ
1059 4111 1239 4188 προδοσίας.
1269 4111 1321 4170 acl
1356 4120 1422 4181 τοῖς
1443 4108 1473 4169 ἐν

254 4247 457 4256 -ῳ-η

342 4330 375 4417 1)
397 4342 434 4391 61.
458 4335 580 4397 h‘rontin.
603 4344 715 4407 strateg.
739 4329 799 4405 ΙΙΙ,
820 4333 868 4403 17,
892 4333 922 4392 8.
932 4330 980 4414 (³)
