3132 4588
572 264 785 331 ...27-

74 453 230 518 consulem
251 454 286 518 iu
308 454 473 539 angustias
495 453 629 540 pepulit.
653 455 716 520 vid.
739 453 882 538 Appian.
907 453 934 532 l,
956 456 1020 522 45:
1042 462 1160 538 Σέξτος
1171 462 1205 523 δὲ
1215 468 1287 524 Καί·

74 577 128 640 σαρ
150 557 226 636 μετὰ
247 565 440 640 τρισμυρίων
451 567 555 642 πεζῶν
565 567 616 625 καί
639 564 805 625 ίππὲων
826 567 1190 640 πεντακισχιλίων
1211 565 1286 625 dtr·

74 661 518 744 ξιώντιναφάραγγα
546 671 618 728 καί
652 662 896 746 κρημνοὺς,
929 662 1021 744 ἄφνω
1044 662 1282 745 προσπεσόντος

75 764 156 852 αὐτῷ
179 773 305 849 Μαρίου
329 764 485 846 Ἰγνατίου
507 769 543 844 ἐς
566 765 644 850 τὴν
667 766 864 848 φάραγγα
885 752 1168 848 περιωσθοίςΙ
1185 769 1285 847 ἔφυ·

73 893 147 947 γον.
171 878 239 934 κτλ.
263 903 306 916 -
349 867 420 932 Hac
449 869 658 952 explicatione
690 869 848 946 convenit,
882 867 968 952 quod
998 891 1036 933 ex
1060 867 1154 933 Nonii
1177 868 1289 933 ordine

74 975 104 1036 fr.
126 975 167 1038 24
189 977 285 1056 paulo
307 982 380 1056 post
401 973 438 1035 fr.
462 975 502 1039 23
524 971 611 1056 apud
635 971 800 1037 Sisennam
823 971 942 1036 lentum
976 971 1105 1038 videtur
1133 993 1208 1038 esse.
1246 974 1286 1038 cf.

75 1079 177 1138 umen
200 1073 267 1139 hui.
290 1074 379 1150 diss„
389 1096 419 1159 p.
439 1075 484 1140 40
504 1096 577 1141 auu.

650 1177 699 1244 24.

154 1277 235 1345 Non.
258 1302 281 1346 s.
304 1303 333 1344 v.
356 1279 471 1360 agilem
494 1302 523 1364 p.
546 1281 594 1346 58.
617 1279 750 1346 Sisenna
772 1279 977 1354 historiarum
1000 1279 1082 1344 libro
1105 1279 1174 1348 Ill:
1209 1281 1289 1362 Agi-

76 1379 133 1446 lem
157 1382 226 1446 dari
249 1382 437 1467 facilemque
459 1383 623 1448 victoriam
648 1405 751 1466 neque
774 1385 874 1448 fossas
897 1395 954 1447 aut
976 1383 1097 1448 vallum
1119 1391 1295 1450 remoratu-

74 1506 151 1550 rum.
175 1484 212 1548 P.
238 1487 286 1549 14,

154 1588 254 1654 Haud
276 1590 383 1674 inepte
404 1589 529 1674 Popma
551 1591 610 1654 hoe
639 1602 671 1654 et
693 1591 864 1675 insequens
887 1597 1103 1678 fragmentum
1135 1590 1292 1676 pertinere

73 1707 177 1756 censet
198 1692 237 1756 ad
262 1693 417 1777 proelium
441 1716 459 1757 a
483 1693 520 1756 L.
543 1691 633 1758 Julio
657 1692 793 1758 Caesare
815 1699 945 1758 consule
969 1693 1229 1779 contraPapium
1252 1693 1293 1758 ad

72 1795 205 1862 Acerras
228 1796 445 1864 commissum.
490 1794 525 1860 Si
548 1807 632 1860 recte
654 1795 798 1874 coniecit,
820 1795 917 1860 verba
949 1818 989 1861 ex
1022 1796 1163 1861 oratione
1194 1796 1295 1882 petita

73 1909 155 1976 sunt,
176 1920 274 1982 quam
287 1897 409 1982 Papius
423 1896 570 1976 Mutilus,
592 1899 780 1982 priusquam
794 1899 939 1963 Caesaris
959 1907 1062 1964 eastra
1084 1909 1295 1984 oppugnaret,

73 2000 110 2062 ad
134 1999 250 2064 milites
273 2021 348 2065 suos
370 1999 490 2067 habuit.

659 2105 710 2174 25.

156 2202 228 2268 Non
251 2227 275 2268 s.
298 2227 327 2271 v.
349 2217 494 2290 apertum
519 2229 550 2292 p.
562 2209 624 2275 236
648 2205 783 2270 Sisenna
794 2206 998 2272 historiarum
1011 2205 1093 2271 libro
1111 2205 1182 2272 111:
1205 2207 1295 2271 Ado·

73 2304 200 2370 riuntur
221 2329 350 2371 aversos
374 2321 410 2372 ut
433 2311 549 2393 apertis
571 2308 732 2374 lateribus.
755 2306 790 2375 P.
816 2313 861 2374 15·

158 2408 219 2474 vid.
244 2410 383 2494 Appian.
409 2410 435 2477 b.
459 2433 485 2475 c.
510 2415 533 2490 1,
556 2414 616 2478 42:
638 2457 644 2472 .
668 2465 674 2476 .
697 2463 703 2476 .
726 2419 854 2478 Παπίου
876 2417 908 2477 δὲ
930 2411 1296 2500 πελάσαντοςαύτῷσὺν

76 2513 312 2596 καταφρονήσει,
335 2514 746 2599 καίμίροςῆίητοῦ
778 2515 971 2597 χάρακος
1009 2520 1297 2594 διασπῶντος

76 2613 176 2692 τοὺς
210 2619 369 2695 ίππὲας
402 2621 625 2699 ἐκπέμψας
658 2617 744 2683 κατ’
777 2617 905 2696 ἄλλας
938 2618 1067 2695 πύλας
1099 2619 1212 2683 ἔκτεινε
1235 2629 1295 2684 τοῦ

79 2723 204 2781 Παπίου
231 2727 302 2800 περί
327 2724 570 2801 ἑξακισχιλίους.
606 2730 657 2788 καί
690 2725 740 2786 ἐπί
761 2727 841 2808 τῷδε
858 2731 979 2803 Καίσαρ
1001 2726 1058 2799 μὲν
1080 2723 1113 2800 ἐξ
1136 2719 1295 2803 Ἀχεῤῥῶν

77 2817 285 2900 ἀνεζεύγνυεν.

669 2930 717 2993 26.

159 3025 241 3092 Νοο.
265 3051 287 3094 s.
312 3052 339 3096 v.
364 3031 517 3095 maceriae
551 3051 583 3114 p.
609 3032 680 3094 141.
711 3031 846 3095 Sisenna
879 3029 1085 3094 historiarum
1120 3026 1202 3092 libro
1225 3026 1299 3092 1112

77 3126 153 3192 Post
177 3128 325 3196 villarum
350 3133 502 3197 macerias
526 3154 562 3196 ao
585 3133 757 3217 parietinas
780 3133 923 3216 quinque
946 3131 1084 3196 cohortis
1118 3132 1151 3196 in
1174 3130 1299 3216 insidiis

76 3231 214 3316 reliquit.
239 3233 276 3296 P.
300 3237 349 3300 24.

668 3343 717 3406 27.

160 3439 244 3506 Non.
267 3465 291 3507 s.
314 3465 343 3510 v.
366 3443 552 3528 praestolari
575 3466 605 3528 p.
632 3445 691 3510 161
726 3441 862 3507 Sisenna
893 3441 1095 3506 historiarum
1122 3439 1204 3505 libro
1226 3439 1300 3506 111:

77 3542 212 3609 Occulta
245 3546 412 3630 tacitique·
429 3546 664 3612 advenientiam
702 3545 880 3611 cohortium
915 3544 1100 3630 praestolari
1131 3542 1301 3628 occipiunt

77 3644 110 3715 P.
134 3648 187 3717 25.

160 3752 315 3820 ‘Occulti’
330 3751 548 3830 Werniohius‚
567 3753 685 3818 ‘tacite’
709 3751 1041 3836 Popmasoripserunt
1062 3759 1193 3836 propter
1215 3750 1301 3814 inso-

80 3865 195 3924 lentem
219 3855 476 3920 eoniunetionern
500 3857 651 3943 adjectivi
674 3869 705 3920 et
738 3854 891 3932 adverbii,
925 3853 1039 3917 deinde
1061 3875 1120 3938 pro
1144 3853 1302 3938 scriptura

75 3960 344 4025 ‘advenientium’
367 3959 491 4044 Popma
509 3959 786 4037 ‘advenientiam’‚
810 3955 1048 4023 substantivum
1072 3956 1174 4022 simile
1207 3968 1303 4040 atque

84 4063 246 4140 habentia,
265 4061 465 4127 ‘adventurn’
488 4063 627 4128 Rothius
647 4063 766 4148 posuit.
789 4099 830 4110 —
853 4060 1015 4124 Haecduo
1038 4065 1215 4143 fragmenta
1236 4059 1303 4124 veri

79 4167 180 4231 simile
215 4174 264 4230 est
297 4165 454 4249 pertinere
487 4167 527 4230 ad
563 4166 689 4230 caedem
725 4163 763 4246 Q.
787 4162 960 4248 Caepionis
995 4161 1092 4246 legati
1127 4162 1163 4226 P.
1188 4160 1303 4226 Rutilii

80 4271 183 4348 illius,
205 4270 262 4353 qui
286 4273 396 4332 consul
419 4269 514 4332 Livio
537 4269 626 4354 (epit.
650 4270 705 4352 73)
728 4281 759 4331 et
782 4263 898 4333 Oresio
922 4264 978 4350 (V,
1013 4266 1063 4337 18)
1099 4263 1236 4330 testibus
1269 4265 1302 4328 in

79 4374 195 4460 proelio
219 4379 330 4438 contra
351 4371 476 4438 Marsos
498 4372 632 4436 adverso
666 4371 795 4449 cecidit,
830 4370 982 4457 Appiano
1005 4379 1134 4436 auctore
1159 4368 1208 4458 (Ι,
1242 4369 1300 4458 43)
