3132 4588
775 245 977 326 534..

265 455 374 515 e'xorto
390 437 452 513 'diu
478 448 625 526 valuisse,
649 469 723 513 oum
745 447 800 532 qui
818 445 905 512 iilius
928 447 1069 556 orirqinis
1080 447 1322 525 accusabantur,
1346 450 1415 512 tum
1432 437 1492 512 <ie-

268 573 356 616 mum
380 572 454 614 oum
477 551 554 616 socii
587 573 675 614 arma
699 563 874 627 moverant,
911 550 998 614 bono
1023 549 1091 614 iure
1124 551 1266 614 accusari
1290 550 1493 621 viderentur,

262 655 372 738 Atque
395 677 459 718 uno
483 655 619 718 exercita
642 674 709 716 esse
729 653 784 718 illa
805 653 925 718 iudicia
947 654 1058 717 ceteris
1082 667 1212 738 propter
1246 652 1364 716 bellum
1387 655 1492 718 inter-

263 757 367 820 missis
397 757 509 820 Cieero
524 758 551 840 ¹)
574 767 690 833 narrat,
714 757 770 839 qui
792 760 939 840 frequens
962 756 1006 820 eis
1028 757 1136 820 aderat
1149 767 1180 819 et
1192 767 1330 820 oratores
1353 778 1492 821 enume-

263 868 321 938 rat,
343 861 399 944 qui
422 873 492 925 tum
515 862 549 924 in
572 861 681 924 rostris
708 859 844 924 maxime
866 858 1071 924 excellebant.

851 963 902 1026 41.

349 1063 428 1134 Non.
451 1089 475 1130 s.
500 1088 528 1132 v.
552 1065 726 1150 proprium.
756 1087 786 1149 p.
811 1066 882 1128 361.
937 1065 1073 1129 Sisenna
1106 1065 1309 1129 historiarum
1332 1063 1385 1132 lib.
1411 1065 1488 1132 111:

263 1167 346 1234 Tum
369 1169 475 1234 subito
498 1169 597 1233 taouit
619 1181 714 1251 atque
738 1175 824 1231 metu
851 1179 881 1230 et
904 1167 1085 1252 suspicione
1109 1167 1269 1250 propriam
1295 1188 1408 1251 capere
1422 1190 1488 1230 non

265 1284 410 1356 potuerat
434 1273 580 1355 quietem.
606 1272 640 1335 P.
664 1273 714 1336 45.

332 1375 510 1439 Verisimile
539 1385 595 1450 est,
629 1378 686 1436 hoo
719 1375 935 1456 fragmentum
950 1373 979 1456 9)
1013 1385 1043 1435 et
1076 1373 1112 1437 ir.
1135 1375 1173 1436 37
1209 1372 1248 1435 ad
1274 1371 1392 1436 indicia
1415 1378 1489 1456 lege

265 1475 360 1542 Varia
383 1477 519 1540 exercita
542 1478 635 1540 etiam
660 1476 837 1540 revocanda
860 1497 936 1538 esse.
981 1479 1021 1544 ot'.
1045 1475 1112 1538 Cio.
1139 1475 1229 1543 Brut.
1254 1477 1303 1551 89,
1328 1481 1398 1541 305.

851 1580 902 1644 42.

348 1677 426 1744 Non.
449 1703 481 1766 s.
495 1703 524 1742 v.
538 1679 787 1763 praefestinatim
800 1702 828 1764 p.
843 1681 912 1743 161.
937 1677 1071 1742 Sisenna
1092 1680 1293 1744 historiarum
1317 1678 1398 1744 libro
1412 1679 1486 1746 111:

266 1781 419 1865 Idemque
432 1794 723 1866 perseveraverunt,
746 1785 793 1847 uti
806 1783 856 1848 lex
869 1783 1104 1867 perveniretur]
1129 1797 1327 1866 quaestorem
1351 1805 1387 1847 ae
1400 1783 1487 1848 iudi·

263 1907 313 1949 ees
344 1907 424 1968 quos
453 1885 571 1949 vellent
593 1887 794 1950 instituerent
817 1886 1065 1971 praefestinatim
1089 1897 1119 1950 et
1142 1888 1265 1968 cupide.
1310 1887 1349 1956 P.
1373 1890 1443 1952 117.

347 1987 482 2070 Propter
504 1987 620 2059 loenm,
644 1987 700 2070 qni
723 1989 899 2073 fragmento
921 1989 1008 2071 apud
1033 1987 1175 2052 Nonium
1198 2003 1254 2068 est,
1278 1989 1384 2054 Riesio
1407 2009 1487 2054 auo·

266 2101 331 2154 tore
356 2092 400 2174 (p.
423 2093 464 2154 58
498 2113 527 2174 p.
552 2090 701 2174 61)1ibri
729 2113 898 2154 numerum
922 2092 971 2156 111
994 2113 1034 2155 ex
1056 2115 1189 2158 numero
1212 2094 1339 2178 prodito
1364 2091 1414 2156 IV
1437 2115 1486 2156 re-

265 2194 437 2257 stituimus.
462 2231 500 2242 -
525 2193 652 2257 ltiesius
676 2193 771 2256 verba
794 2195 914 2258 rettulit
936 2195 976 2257 ad
989 2194 1081 2274 leges,
1105 2219 1197 2278 quae,
1220 2209 1388 2281 postquam
1405 2195 1488 2260 Cae-

264 2319 314 2360 sar
337 2303 447 2362 consul
469 2305 605 2362 exeunte
627 2322 654 2360 a.
678 2297 794 2374 eattae
817 2296 952 2360 Romam
976 2298 1078 2375 rediit,
1114 2299 1158 2362 ibi
1193 2313 1318 2381 rogatae
1341 2313 1426 2364 sunt.
1451 2299 1486 2364 Si

264 2401 405 2464 oonieere
448 2400 530 2478 lieet,
561 2407 773 2484 fragmentum
797 2400 935 2482 pertinet
957 2401 996 2462 ad
1020 2401 1212 2483 rogationem
1235 2403 1312 2482 legis
1330 2402 1487 2478 Plautiae,

262 2527 326 2588 qua
349 2507 425 2567 haee
448 2526 529 2566 nova
552 2504 631 2566 ratio
654 2504 686 2566 in
709 2503 835 2567 iudiciis
856 2503 1038 2567 exercendis
1061 2504 1205 2567 adhibita
1227 2518 1284 2580 est,
1309 2516 1343 2568 ut
1367 2506 1486 2590 populo

262 2609 323 2692 ipsi
358 2609 480 2672 iudices
513 2630 588 2670 suos
618 2606 761 2692 elegendi
794 2606 881 2690 optio
916 2607 1053 2674 daretur.
1104 2613 1221 2674 Asoon.
1265 2609 1304 2672 ad
1340 2607 1405 2674 Cic.
1428 2633 1487 2694 pro

265 2710 362 2778 Corn.
384 2734 416 2796 p.
438 2714 487 2777 79.

849 2813 899 2876 49.

348 2914 426 2982 Non.
449 2941 472 2981 s.
496 2939 526 2980 v.
550 2916 649 2980 senati
673 2915 723 2978 vel
747 2914 886 2978 senatuis
910 2939 938 2999 p.
962 2917 1035 2986 484,
1058 2915 1190 2981 Sisenna
1213 2916 1320 2980 histor.
1344 2916 1398 2980 lib.
1418 2917 1485 2992 1112

264 3019 388 3082 Lucius
411 3019 607 3104 Calpurnius
631 3017 705 3081 Piso
739 3039 778 3081 ex
814 3019 913 3082 senati
947 3019 1092 3083 consulto
1126 3020 1206 3083 duas
1241 3042 1339 3084 novas
1373 3021 1484 3086 tribus.

262 3121 297 3188 P.
322 3125 369 3186 17.

800 3303 801 3306 Ἴ
842 3225 892 3286 44.

348 3325 428 3391 Non.
463 3350 485 3394 s.
519 3351 547 3392 v.
581 3349 656 3411 ergo
686 3349 716 3411 p.
742 3329 800 3390 107
838 3326 973 3392 Sisenna
1006 3329 1209 3394 historiarum
1243 3330 1295 3400 lih.
1321 3328 1385 3397 IV:
1420 3330 1483 3394 Mi·

349 3585 380 3668 l)
403 3589 431 3644 in
454 3591 531 3652 Brut,
555 3588 734 3670 8921304sq.
780 3589 812 3659 2)
835 3592 925 3646 Verba
958 3593 1040 3647 etiam
1079 3594 1112 3646 de
1142 3589 1230 3646 Mario
1252 3591 1306 3646 diei
1326 3602 1481 3664 potuerunt.

261 3673 297 3736 of.
322 3671 355 3752 1)
378 3677 450 3735 Plnt.
473 3679 543 3734 Mar.
569 3675 625 3738 28:
648 3721 655 3736 .
679 3723 685 3736 .
709 3671 795 3737 Ἀλλ’
820 3669 867 3755 ἦν,
893 3671 936 3751 ὡς
959 3679 1082 3754 λέγουσι
1117 3670 1228 3754 πρὸς
1250 3682 1481 3740 πολιτείαν

260 3764 329 3822 ’καί
353 3755 454 3834 τούς
477 3762 521 3823 ἐν
544 3757 696 3838 ὄχλοις
719 3758 936 3839 θορύβους
959 3757 1022 3824 rino
1045 3763 1226 3839 φιλοδοξίας
1248 3757 1481 3837 ύτολμότα-
1561 3817 1562 3822 ,

260 3867 351 3920 τος.
376 3843 515 3909 καὶτὸ
538 3842 1304 3928 παρὰτὰςμύχαςιίνὲκπληκτονκαί
1336 3846 1480 3910 στάσι·

258 3954 335 4006 μον
358 3931 403 3992 ἐν
424 3945 520 4007 ταῖς
543 3933 787 4012 ἐκκλησίαις
809 3927 1052 3994 ἀπέλειπεν
1074 3927 1208 3994 αύτὸν
1237 3927 1301 3994 ύιιὸ
1335 3941 1401 3996 τῶν
1431 3955 1480 3996 τυ-

258 4014 385 4094 χόντων
407 4018 545 4080 ἐπαίνων
567 4023 617 4080 καὶ
639 4014 751 4096 ψόγων
773 4014 1069 4093 ἐξιστάμενον.
1116 4017 1149 4097 2)
1171 4039 1195 4077 c.
1218 4017 1274 4080 45:
1304 4011 1389 4081 ‘Vah
1422 4043 1479 4081 τοι·

260 4100 368 4165 ὀύιων
390 4101 589 4183 θροούμενος
612 4109 770 4182 λογισμῶν
793 4107 844 4165 καί
866 4099 924 4184 τὴν
948 4099 1071 4184 μακρὰν
1093 4097 1170 4183 ἄλην
1190 4099 1290 4166 αὐτοῦ
1313 4109 1364 4167 καί
1383 4101 1478 4183 φυγὰς

260 4195 311 4252 καί
333 4187 500 4266 κινδύνους
521 4186 569 4252 διὰ
592 4198 644 4270 γῆς
667 4193 718 4250 καί
736 4185 893 4270 θαλάττης
917 4190 1128 4265 ἐλαυνομένου
1151 4186 1320 4264 λαμβάνων
1343 4186 1406 4269 πρὸ
1427 4187 1478 4267 όφ-

259 4283 392 4351 natam
415 4280 455 4352 είς
478 4273 611 4355 ἀπορίας
633 4277 774 4336 ἐνίπιπτε
799 4271 897 4350 assata
919 4281 969 4338 καί
992 4270 1177 4354 νυκτερνικὰ
1199 4277 1325 4350 δείματα
1347 4279 1398 4337 καί
1431 4300 1478 4338 τα·

259 4359 407 4444 ραχώδεις
430 4360 582 4442 ὀνείρους,
605 4358 651 4423 ἀεί
673 4382 759 4433 τινος
786 4356 912 4423 α’κούειν
935 4363 1151 4440 φθεγγομένου
1174 4363 1278 4423 δοκῶν
1299 4367 1366 4423 κτλ.
