3132 4588
599 297 704 361 ...45
760 333 802 344 .-

78 513 170 552 rnen
190 488 386 554 Tudertibus
422 486 523 550 senati
557 491 702 550 consulto
736 496 767 550 et
800 483 913 570 populi
946 485 1035 548 iussu
1071 484 1125 548 dat
1151 484 1321 549 civitatem.

77 591 126 656 P.
155 593 228 657 119.
773 579 778 586 ’

181 693 370 759 Tribuimus
382 698 440 757 hoe
462 699 677 772 fragmentum
702 691 793 758 codd.
805 691 957 755 Leidensi
980 701 1010 754 et
1024 689 1169 754 Parisino
1192 711 1221 752 n.
1234 691 1317 756 7667

78 795 176 860 libro
198 796 258 874 IV,
275 797 330 880 qui
354 797 458 881 aptior
481 795 541 860 hoc
564 795 632 859 loco
655 809 719 873 est,
750 817 848 878 quam
871 794 950 858 liber
975 792 1038 872 ΙΙΙ,
1060 815 1155 877 quem
1178 792 1321 878 produnt

82 901 187 965 codd.
213 899 256 964 W
280 914 311 964 et
333 900 370 966 F.

688 1008 737 1068 63.

179 1105 263 1172 Non.
288 1129 310 1170 s.
324 1129 362 1168 ¹v.
385 1103 526 1188 proicere
550 1127 579 1188 p.
595 1105 655 1168 162
679 1103 812 1170 Sisenna
829 1103 1035 1168 historiarum
1058 1100 1139 1166 libro
1150 1101 1211 1168 IV:
1235 1099 1320 1164 Turn

82 1217 266 1296 postquam
289 1208 376 1292 apud
398 1207 555 1292 Iguvinos
581 1228 618 1270 ac
638 1205 811 1271 Perusinos
834 1208 901 1271 eius
925 1206 998 1270 facti
1023 1204 1216 1269 mentionem
1247 1225 1320 1288 pro·

103 1312 192 1376 iecit.
215 1313 303 1379 Pes.

179 1415 374 1500 Fragmenta
397 1415 523 1479 61-63
547 1412 614 1476 sine
636 1410 735 1476 dubio
758 1413 798 1476 ad
827 1435 875 1476 res
908 1412 942 1476 in
966 1409 1103 1476 Umbria
1137 1421 1168 1476 et
1191 1409 1321 1474 Etruria

85 1527 201 1600 gestas
225 1526 377 1602 spectant.
423 1516 471 1579 De
497 1516 546 1579 his
569 1513 719 1600 gentibus
753 1515 805 1578 vel
838 1515 1047 1580 sollicitandis
1085 1518 1134 1578 vel
1168 1513 1321 1598 pacandis

88 1621 158 1682 dici
181 1621 244 1683 iam
262 1620 401 1683 Kienins
425 1621 468 1704 (p.
492 1621 568 1702 226)
592 1617 690 1702 probe
712 1618 854 1685 coniecit.
900 1617 1114 1682 Verisimilius
1137 1629 1241 1681 tamen
1265 1623 1321 1692 est,

88 1723 181 1806 qnod
206 1723 299 1786 etiam
314 1722 442 1786 Riesius
464 1732 556 1806 putat
581 1721 626 1804 (p.
650 1727 714 1794 62),
737 1720 1058 1806 verbaadpacandas
1080 1743 1132 1785 eas
1144 1719 1322 1784 revocanda
1366 1713 1369 1720 ’

88 1849 162 1890 esse
184 1826 247 1902 ita,
283 1838 318 1888 ut
343 1825 515 1909 Pompeius
538 1824 650 1887 consul
675 1829 726 1888 vel
747 1830 873 1909 legatus
896 1825 964 1889 eius
988 1823 1021 1887 id
1045 1845 1173 1909 operam
1196 1823 1321 1886 dedisse

89 1928 312 2012 intellegatur,
335 1949 409 1991 eum
434 1928 471 1993 L.
494 1927 628 1991 Porcius
652 1925 743 2004 Cato,
775 1928 863 1992 illius
886 1928 1023 2013 collega,
1058 1925 1209 2012 Appiano
1242 1937 1321 1990 teste

91 2031 141 2115 (Ι,
165 2031 219 2115 50)
242 2030 304 2094 inm
328 2030 432 2094 hieme
455 2037 492 2092 ut
514 2030 640 2093 videtur
662 2030 792 2095 ineunte
814 2053 841 2097 a.
866 2031 982 2117 665l89
1006 2030 1178 2095 cecidisset.
1224 2028 1320 2110 Quod

89 2131 295 2196 Tudertibus
318 2131 430 2195 civitas
454 2132 527 2196 data
550 2154 618 2195 esse
641 2133 776 2211 dicitur,
809 2155 862 2198 eos
885 2144 1015 2218 pacatos
1048 2133 1145 2198 luisse
1181 2138 1321 2217 apparet.

90 2234 179 2298 Nam
203 2235 235 2298 bi
259 2245 295 2298 ut
319 2233 450 2320 iguvini
473 2235 506 2298 in
529 2235 639 2312 sociis,
672 2235 728 2318 qni
752 2259 770 2298 a
793 2235 945 2300 Romanis
970 2235 1049 2300 bello
1072 2233 1213 2298 Marsico
1237 2234 1321 2299 dele·

90 2338 206 2403 cerint.
229 2352 456 2402 enumerantur
468 2339 502 2422 ¹).
547 2337 654 2419 Quare
677 2337 815 2402 Kienins
838 2339 883 2422 (p.
907 2339 995 2422 224),
1018 2341 1074 2422 qui
1098 2361 1136 2404 ex
1160 2336 1315 2402 vocabulo

88 2439 223 2504 ‘tanren’
247 2464 299 2506 eos
322 2464 410 2504 arma
431 2441 552 2524 cepisse
574 2441 725 2524 opinatus
748 2447 838 2517 esset,
872 2452 956 2505 recte
979 2442 1149 2506 coniecisse
1181 2440 1318 2516 videtur,

94 2544 259 2608 civitatem
282 2551 350 2622 lege
373 2542 548 2626 Calpurnia
567 2543 612 2606 eis
636 2544 742 2606 datam
768 2565 843 2609 esse.
888 2541 970 2606 Nam
993 2549 1062 2628 lege
1096 2543 1177 2608 Iulia
1199 2541 1322 2606 Tuder-

91 2653 153 2723 tes,
176 2647 237 2710 nisi
261 2646 459 2721 defecissent,
482 2646 568 2728 ipsos
591 2645 752 2708 civitatem
775 2645 918 2728 accipere
940 2647 1082 2731 potuisse
1113 2667 1216 2729 neque
1249 2667 1319 2709 eam

91 2774 112 2812 a
135 2735 327 2835 magistratu
351 2747 496 2811 Romano
519 2747 563 2810 eis
586 2748 820 2812 concedendam
848 2749 963 2827 fuisse,
997 2749 1056 2814 etsi
1078 2748 1244 2834 probabile
1267 2749 1317 2825 sit,

92 2852 191 2915 etiam
216 2853 253 2919 L.
277 2851 398 2915 Iulium
422 2850 591 2915 Caesarem
616 2850 777 2915 consulem
813 2851 918 2935 legem
952 2875 1044 2915 suam
1078 2865 1207 2916 senatus
1243 2873 1317 2914 con-

93 2961 178 3020 sulto
201 2956 242 3020 ad
265 2959 421 3039 populum
435 2953 554 3016 tulisse.
600 2953 680 3018 Inde
703 2953 793 3036 sequi
818 2954 954 3032 videtur,
977 2954 1314 3040 legeCalpurniaduci

94 3058 232 3136 licuisse,
255 3057 417 3122 civitatem
442 3061 543 3116 cunetis
566 3056 661 3119 etiam
684 3061 836 3118 civitatibus
858 3057 940 3121 dare·

677 3161 725 3225 64.

179 3262 261 3328 Non.
284 3285 308 3326 s.
332 3286 361 3324 v.
385 3263 542 3325 deducere
564 3283 594 3345 p.
619 3268 680 3328 289
705 3261 841 3325 Sisenna
863 3262 1067 3326 historiarum
1090 3262 1145 3328 lib.
1163 3261 1228 3330 lv:
1262 3261 1317 3326 Ab

95 3368 190 3434 armis
212 3366 367 3442 recedere,
391 3364 549 3449 praesidia
571 3363 611 3428 de
633 3365 710 3429 locis
733 3365 898 3431 deducere.
922 3365 957 3432 P.
980 3372 1029 3434 97.

180 3571 263 3641 Νοιι,
287 3594 309 3636 s.
331 3594 360 3636 v.
382 3569 583 3633 necessitudo
617 3593 649 3654 p.
675 3572 738 3634 354
760 3571 892 3637 Sisenna
924 3570 996 3637 hist.
1029 3572 1083 3643 lib,
1109 3571 1173 3638 IV:
1195 3573 1234 3636 Id
1269 3595 1318 3637 me

95 3697 196 3758 neque
230 3681 317 3738 metu
354 3695 455 3756 neque
492 3673 682 3736 calamitatis
717 3672 953 3736 necessitudine
996 3675 1167 3740 inductum
1208 3681 1319 3740 facere.

98 3780 132 3842 Ρ.
158 3779 208 3843 98.

180 3877 285 3944 Verba
307 3881 346 3943 ad
370 3879 582 3960 colloquium,
615 3879 701 3961 quod
737 3876 819 3942 inter
842 3878 938 3944 duces
970 3881 1258 3965 utriusquepartis
1281 3879 1320 3942 de

94 3985 180 4069 pacis
204 3981 445 4047 condicionibus
468 3985 587 4046 factum
612 3990 669 4060 est,
691 3983 858 4066 pertinent.
904 3983 1049 4049 Conferri
1072 3995 1177 4070 potest
1199 3984 1321 4057 Cicero,

97 4087 152 4171 qui
175 4088 207 4150 in
232 4086 373 4150 oratione
395 4085 576 4169 Philippica
599 4087 664 4170 (12,
689 4087 738 4163 11,
759 4087 815 4171 27)
838 4089 995 4171 colloquio
1018 4089 1089 4166 tali,
1122 4087 1208 4171 quod
1238 4086 1302 4149 inte

94 4225 297 4236 -.—.....-—·..

188 4309 219 4393 1)
243 4315 286 4369 De
307 4312 474 4382 civitatibus,
506 4331 574 4386 quae
607 4314 680 4369 bello
712 4314 807 4371 sociali
839 4334 855 4371 a
886 4317 1017 4374 Romanis
1039 4318 1203 4378 defecerant.
1224 4315 1274 4375 vid.

104 4401 206 4456 Beloch
228 4401 247 4462 Ι,
269 4417 293 4458 e.
315 4418 342 4471 p.
367 4395 416 4456 40.
