3132 4588
761 252 956 330 250...

254 435 350 528 Quod
373 441 496 514 hostem
519 471 581 514 non
605 449 776 516 dubitatim
799 473 873 517 curn
896 452 1013 537 pluteis
1037 473 1074 516 ac
1096 451 1189 516 scalis
1200 453 1262 516 iter
1278 451 1381 518 facere
1403 470 1481 518 cer-

253 547 357 616 nebat.
381 550 417 619 P.
440 555 488 622 75.

830 659 881 726 82.

337 754 418 822 Non.
442 778 466 822 s.
489 779 518 825 v.
540 769 703 824 caementa
718 781 748 845 p.
771 762 811 828 92
835 759 967 826 Sisenna
989 760 1141 826 historiae
1164 760 1244 825 libro
1256 759 1322 826 IV:
1345 760 1479 826 Formi·

252 855 326 922 dine
347 879 531 944 oppressus,
562 863 648 945 quod
673 863 825 930 humilem
856 865 1025 930 caementis
1047 864 1240 929 instructum
1263 865 1374 950 oppidi
1399 887 1479 930 mu-

252 983 323 1027 rum
347 963 474 1029 sciebat.
497 964 534 1032 P.
558 969 607 1034 79.

336 1167 418 1237 Νοα.
441 1195 464 1240 s.
486 1197 515 1237 v.
537 1173 656 1238 fluvius
677 1196 708 1258 p.
722 1176 781 1240 207
806 1173 942 1237 Sisenna
964 1171 1168 1236 historiarum
1190 1171 1349 1237 libroIV=
1373 1173 1476 1255 Quod

251 1271 407 1356 oppidum
431 1282 553 1342 tumulo
575 1279 608 1341 in
631 1276 753 1341 excelso
775 1277 845 1339 loco
856 1285 987 1360 propter
998 1298 1084 1339 mare
1106 1277 1213 1360 parvis
1237 1274 1403 1350 moenibus
1422 1277 1477 1340 in-

194 1382 197 1390 ’
252 1389 300 1442 ter
322 1379 402 1442 duas
424 1378 538 1444 fluvias
560 1381 643 1444 infra
666 1379 844 1444 Vesuvium
868 1377 1077 1446 conlocatum.
1099 1378 1135 1446 P.
1157 1381 1207 1448 53.

337 1480 420 1546 Sunt
442 1494 548 1547 autem
572 1483 649 1548 haec
670 1483 805 1548 flumina
829 1469 954 1546 Veseris
977 1493 1008 1546 et
1031 1479 1169 1559 Sarnus,
1204 1482 1287 1546 inter
1308 1503 1389 1564 quos
1414 1503 1476 1566 op-

250 1583 329 1668 pida
350 1583 586 1650 Herculaneum
609 1593 641 1651 et
662 1585 806 1670 Pompeii
829 1593 926 1668 atque
948 1585 1010 1648 vici
1034 1583 1150 1648 Retina
1172 1596 1203 1648 et
1225 1583 1399 1669 Oplontiae
1410 1585 1476 1647 sita

251 1693 342 1750 eraut
373 1687 458 1752 haud
494 1687 605 1772 procul
638 1687 798 1752 radicibus
829 1686 960 1752 Vesuvii
996 1687 1112 1751 montis
1145 1687 1397 1770 (scurrae,
1421 1689 1473 1751 19.

252 1789 334 1854 Plin.
358 1797 388 1868 3,
412 1796 430 1855 5
452 1792 514 1876 (9),
536 1793 575 1855 62
598 1789 711 1857 Strabo
735 1789 775 1868 V,
790 1791 821 1867 4,
844 1792 888 1873 8).

837 1893 888 1957 84.

337 1995 425 2059 idem
450 1993 612 2083 [Sisenna]
635 1995 760 2060 eodem:
784 1993 1017 2080 Transgressus
1031 1994 1179 2072 fluvium,
1197 2014 1279 2079 quae
1291 1993 1472 2059 secundum

253 2097 489 2163 Hercuianeum
512 2099 551 2163 ad
577 2121 661 2163 mare
683 2096 865 2185 perfluebat.
889 2098 926 2162 Ρ.
944 2101 994 2166 54.

827 2204 876 2265 85.

338 2301 419 2372 Non.
443 2326 469 2376 s.
490 2326 520 2370 v.
543 2304 615 2369 finis
637 2325 668 2389 p.
684 2305 745 2370 205
768 2301 902 2369 Sisenna
918 2304 1120 2369 historiarum
1144 2303 1224 2368 libro
1236 2301 1299 2370 IV:
1323 2302 1474 2388 Etprope

254 2407 390 2473 mediam
412 2407 454 2471 ad
478 2407 574 2473 finem
596 2409 683 2492 ripae
704 2415 922 2492 pervenerant.
945 2405 981 2474 P.
1004 2410 1052 2474 59.

340 2509 616 2576 verisimillimum
649 2523 697 2574 est
729 2516 764 2576 fr.
786 2512 912 2576 81-85
945 2509 996 2594 agi
1025 2531 1100 2574 cum
1123 2509 1162 2573 de
1185 2509 1254 2574 aliis
1278 2508 1474 2594 Campaniae

252 2611 387 2679 urbibus
411 2611 576 2678 maritimis
598 2613 824 2698 recuperandis
846 2619 914 2677 tum
928 2612 967 2676 de
980 2612 1190 2688 Herculaneo,
1212 2613 1298 2695 quod
1317 2611 1472 2676 Minatius

254 2717 372 2800 Magus
394 2714 490 2779 simui
512 2737 585 2778 cum
609 2713 645 2780 Τ.
667 2713 767 2778 Didio
789 2707 883 2800 cepit,
905 2737 979 2780 cum
1002 2714 1278 2800 SullaPompeios
1302 2735 1473 2799 oppugna-

252 2827 300 2884 ret
321 2831 352 2883 et
375 2817 548 2901 Compsam
571 2829 748 2900 occuparet.
802 2824 840 2883 ct
874 2816 982 2884 Vellei.
1017 2817 1062 2894 ΙΙ,
1098 2820 1146 2887 16.
1193 2817 1383 2902 Appiani,
1416 2818 1473 2880 50:

253 2923 384 3001 Λεύκιος
407 2927 439 2986 ot
461 2925 627 2998 Κλοέντιος
650 2920 759 3003 Σύλλᾳ
781 2927 851 3002 περί
873 2919 912 2987 td
934 2932 1085 3000 Πομπαῖα
1109 2919 1168 3004 ὄρη
1192 2920 1472 3002 στρατοπεδεύοντι

252 3026 335 3104 μάλα
356 3034 636 3106 καταφρονητικῶς
658 3021 721 3088 ἀπὸ
744 3029 881 3089 σταδίων
901 3033 1001 3107 τριῶν
1030 3027 1358 3115 παρεστρατοπέδευε.
1380 3031 1432 3088 καὶ
1454 3022 1472 3089 ὁ

253 3128 378 3205 Σύλλας
400 3125 457 3210 τὴν
479 3121 572 3208 ὕβριν
593 3123 653 3190 οὐκ
674 3124 818 3205 ἐνεγκὼν,
841 3125 913 3192 οὐδὲ
935 3137 1001 3193 τῶν
1024 3132 1112 3195 ἰδίων
1134 3124 1209 3204 τοὺς
1239 3135 1471 3209 χορτολογοῦν·

252 3257 307 3308 τας
329 3229 495 3308 ἀναμείνας
516 3231 666 3309 ἐπέδραμε
686 3237 733 3316 τῷ
757 3237 932 3317 Κλοεντίῳ.
956 3236 1008 3295 καί
1018 3230 1090 3296 τότε
1108 3236 1164 3309 μὲν
1173 3227 1352 3313 ἡττώμενος
1363 3229 1471 3308 ἔφευγε

254 3331 447 3416 προσλαβών
468 3337 500 3396 di·
521 3328 597 3408 τοὺς
617 3339 892 3413 χορτολογοῦντας
913 3337 1057 3415 τρέπεται
1079 3332 1137 3398 τὸν
1158 3337 1329 3399 Κλοέντιον
1350 3339 1417 3396 κτλ.

693 3482 698 3492 .
828 3435 879 3500 86.

337 3535 417 3604 Non.
440 3559 464 3601 s.
486 3559 516 3602 v.
551 3543 616 3603 fera
648 3535 712 3600 vite
742 3555 774 3620 p.
799 3537 868 3602 113.
911 3534 1046 3600 Sisenna
1074 3533 1277 3599 historiarum
1299 3533 1381 3599 libro
1403 3534 1468 3600 IV:

252 3639 295 3706 Et
317 3640 432 3725 partim
459 3645 524 3704 fera
556 3639 630 3717 vite,
663 3638 779 3723 partim
813 3641 903 3703 lauro
937 3650 968 3703 et
990 3637 1120 3704 arbusto
1153 3658 1190 3702 ac
1212 3635 1314 3702 multa
1335 3637 1412 3722 pino
1433 3659 1469 3702 ac

249 3743 395 3828 myrtetis
417 3741 588 3808 abundant.
630 3742 668 3806 P.
686 3743 737 3808 61.

338 3844 458 3921 Verba,
479 3843 596 3928 quibus
619 3845 706 3930 regio
729 3841 930 3922 describitur,
962 3845 987 3907 si
1021 3843 1162 3908 conicere
1199 3842 1282 3920 licet,
1311 3843 1350 3907 ad
1374 3843 1468 3908 Cam-

251 3949 378 4034 paniam
401 3953 511 4025 refero,
533 3967 629 4030 quarn
653 3947 911 4011 fecundissimam
934 3946 1044 4012 Italiae
1066 3961 1181 4011 terram
1204 3945 1467 4012 iamaveteribus

250 4048 412 4114 laudatam
435 4071 502 4114 esse
524 4060 656 4116 constet.
699 4051 739 4114 cf.
760 4048 881 4117 Tibull.
908 4051 933 4128 1,
956 4052 983 4118 9.
1006 4056 1054 4116 33.

826 4157 875 4220 87.

335 4253 419 4338 Non,
441 4278 463 4324 s.
486 4277 516 4320 v:
538 4259 677 4319 foramen
716 4279 746 4340 p.
771 4258 841 4323 113.
896 4257 1028 4322 Sisenna
1064 4255 1263 4320 historiarum
1296 4254 1376 4319 libro
1399 4254 1464 4326 IV:
