3132 4588
775 257 978 333 ..42⁴-

267 456 353 522 e'xitn
375 441 449 519 libri
471 455 526 520 Ill
549 467 580 518 et
604 455 642 520 de
662 457 753 520 initio
777 455 849 520 libri
874 457 923 521 IV
958 459 1162 522 historiarum
1198 459 1347 537 sensisse,
1383 469 1515 524 nostra

266 559 452 644 quaestione
475 559 637 644 probatur,
660 580 725 641 qua
747 560 841 622 etiam
864 567 1006 622 vertamite
1027 575 1076 630 est,
1107 576 1213 640 partem
1245 586 1336 624 reram
1366 567 1511 623 domesti-

265 685 360 725 carum
394 676 457 724 nate
487 667 553 723 betto
579 674 670 740 pestes
702 675 848 724 tractatam
870 687 933 730 csse.
979 663 1060 726 Nam
1085 665 1182 728 ttiesii
1222 666 1404 729 coniectura
1438 667 1509 728 rei-

266 767 377 830 cienda
399 777 453 831 est.
483 763 613 827 Putavit
636 765 719 827 enim
744 765 907 830 Sisennam
930 789 980 830 res
1003 792 1028 833 a.
1052 769 1167 852 6641st
1197 790 1270 830 curn
1293 768 1381 831 libris
1408 769 1441 832 ll
1469 775 1510 829 et

265 869 320 934 Ill
343 869 555 952 descripsisse,
579 879 647 930 turn
671 872 737 943 hoe,
760 889 843 950 quae
867 871 953 953 apud
980 870 1178 954 Campanos,
1202 873 1367 947 Samnites,
1382 871 1505 934 Luea·

269 997 336 1049 nos,
359 973 413 1035 illo
437 995 518 1054 quae
541 972 626 1054 apud
653 971 808 1047 Picentes,
831 972 965 1044 Marsos,
991 973 1191 1037 Marrucinos
1213 986 1425 1056 gestaessent,
1452 974 1507 1035 ita

267 1074 554 1158 comprehendisse,
578 1083 614 1136 ut
637 1075 764 1155 utrique
788 1075 867 1137 libro
890 1075 1059 1138 dimidium
1083 1079 1156 1140 anni
1180 1079 1334 1140 tribueret
1356 1089 1402 1160 (p.
1425 1077 1503 1159 ott).

269 1177 380 1260 Neque
405 1199 478 1240 vero
509 1177 560 1238 ille
585 1177 666 1239 lnrnc
689 1179 902 1239 coniecturam
926 1179 970 1240 ita
994 1178 1126 1261 probare
1153 1181 1266 1262 potuit,
1301 1193 1336 1243 ut
1359 1181 1387 1242 ei
1412 1179 1502 1241 fides

265 1281 356 1345 facile
380 1280 487 1343 baberi
511 1281 618 1363 possit.
664 1279 744 1342 Naar
776 1281 814 1342 de
839 1280 909 1342 libri
934 1281 969 1342 ll
992 1296 1181 1363 argumento
1216 1289 1428 1361 fragmentum
1468 1285 1502 1357 7,

267 1385 352 1466 quod
388 1385 427 1446 ad
467 1383 648 1445 Marsorum
685 1406 824 1465 pugnam
860 1385 1011 1466 pertinet,
1045 1386 1083 1447 de
1118 1386 1189 1447 libri
1215 1385 1268 1450 111
1300 1393 1501 1468 argumento

268 1488 405 1550 maxime
429 1487 471 1564 id,
494 1487 579 1568 quod
605 1486 643 1547 nd
668 1486 854 1548 Aeserniam
880 1487 1027 1548 traditam
1052 1501 1175 1571 spectat
1198 1495 1238 1553 30
1261 1490 1343 1570 (16),
1366 1500 1396 1550 et
1430 1488 1499 1550 alia

268 1612 379 1674 panca,
402 1611 484 1672 quae
507 1598 591 1650 recte
613 1588 653 1650 ad
677 1611 726 1651 res
751 1589 924 1651 nraritimas
957 1593 1118 1654 revocavit
1144 1591 1239 1675 (Non.
1262 1613 1291 1674 p.
1314 1594 1362 1655 57.
1385 1591 1500 1655 534—

269 1694 355 1775 536),
379 1691 495 1754 attulit.
543 1690 743 1753 llecteetiam
769 1698 803 1756 t'r.
827 1693 865 1754 29
890 1692 959 1776 (12)
983 1693 1211 1776 interpretatus
1223 1704 1279 1769 est,
1303 1693 1371 1776 ipse
1382 1706 1496 1755 autem

267 1797 299 1858 in
323 1797 359 1860 fr.
384 1797 422 1857 12
447 1795 516 1880 (10)
541 1793 682 1869 offendit,
705 1795 798 1856 cuins
821 1794 933 1870 verba,
968 1817 1163 1877 quamquam
1201 1797 1240 1858 ad
1264 1796 1392 1859 initium
1420 1793 1496 1856 belli

268 1899 375 1963 reterri
399 1920 490 1982 posse
514 1899 565 1980 (ef.
579 1896 719 1980 Appiae.
744 1895 770 1972 1,
794 1899 833 1960 39
846 1897 912 1979 fin.)
936 1920 999 1960 non
1023 1899 1159 1975 negavit,
1181 1899 1360 1961 accuratius
1383 1909 1495 1960 tamen

268 2002 424 2064 illustrare
448 2000 565 2063 omisit.
613 2001 699 2064 Haec
723 2011 806 2062 recte
829 2001 867 2061 ad
893 2005 1028 2083 populos
1052 2012 1161 2064 contra
1184 2001 1346 2064 Ronmnos
1375 2000 1496 2064 sollici-

267 2105 389 2179 tandos,
412 2125 549 2184 quorum
574 2102 680 2186 plures
704 2103 798 2166 etiam
821 2126 847 2164 a.
873 2105 988 2186 oestuo
1010 2103 1050 2164 ad
1069 2103 1174 2166 hostes
1198 2105 1379 2167 defecerunt
1404 2104 1494 2185 (Liv.

268 2207 341 2290 epit.
367 2208 433 2289 73),
456 2206 614 2269 rettulisse
639 2206 714 2268 mihi
740 2207 855 2271 videor.
901 2205 1112 2268 Manifestum
1138 2211 1221 2269 enirn
1245 2214 1302 2282 est,
1326 2206 1494 2269 seditionis

268 2312 420 2373 rationem
445 2308 647 2392 paullatin11)
672 2309 830 2392 explicari.
876 2306 989 2371 Nonne
1012 2307 1099 2385 socii,
1122 2309 1309 2392 priusquam
1333 2333 1420 2372 arma
1440 2331 1492 2371 ce-

268 2415 399 2498 pissent,
422 2411 539 2494 legatos
563 2411 697 2473 llounun
723 2412 887 2484 miserunt,
911 2412 966 2492 qui
990 2434 1063 2474 cum
1087 2424 1198 2475 senatu
1223 2414 1262 2475 de
1287 2411 1492 2474 eivitatelta-

267 2517 335 2580 licis
359 2515 472 2586 danda,
496 2536 691 2597 quamquam
715 2516 842 2586 frustra,
866 2515 1021 2598 agerent?
1043 2515 1145 2596 (App.
1160 2514 1177 2579 l.
1202 2539 1298 2598 supra
1320 2517 1354 2598 1),
1378 2513 1489 2578 Nonne

268 2643 307 2684 ex
329 2619 449 2703 paucis,
472 2640 553 2701 quae
576 2619 613 2680 de
638 2615 718 2680 bello
741 2617 848 2680 sociali
871 2631 978 2679 exorto
1004 2617 1093 2680 nobis
1114 2619 1229 2679 tradita
1252 2631 1336 2693 sunt,
1370 2616 1490 2680 intelle-

273 2724 369 2808 gitur,
393 2722 475 2784 inter
500 2721 601 2784 socios
626 2743 686 2782 non
711 2721 862 2795 defuisse,
894 2721 948 2802 qui
973 2721 1144 2782 amicitiam
1170 2721 1385 2782 Rornanorum
1411 2720 1489 2783 bello

270 2835 380 2888 contra
402 2848 453 2888 eos
477 2824 614 2907 gerendo
639 2826 832 2904 praeferrent
853 2833 910 2885 aut
932 2824 1008 2886 dum
1035 2824 1064 2884 vi
1089 2832 1285 2902 cogerentur,
1309 2823 1487 2886 dubitarent

270 2930 309 2992 ad
334 2929 501 2992 sortitiones
521 2949 553 2988 se
576 2926 805 3009 applicareli).
853 2925 965 3008 Neque
986 2927 1082 3006 igitur
1107 2927 1287 2987 mirandum
1312 2935 1373 2998 est,
1402 2927 1484 3008 quod

271 3033 405 3096 Sisenna
427 3032 460 3094 in
483 3030 554 3113 ipso
576 3030 669 3091 tertio
692 3030 769 3090 libro
794 3029 831 3090 de
844 3031 1049 3092 sollicitandis
1074 3030 1267 3113 quibusdam
1293 3031 1384 3091 sociis
1402 3031 1486 3097 dixit.

271 3136 396 3200 Deinde
418 3133 555 3208 RiesiuS,
581 3149 615 3195 ut
638 3155 743 3194 rerum
768 3133 909 3196 ordinem
934 3157 1005 3196 ase
1041 3134 1188 3196 ellectum
1222 3133 1371 3208 retineat,
1402 3135 1482 3214 quod

270 3238 370 3314 affert,
406 3243 441 3299 fr.
468 3239 508 3301 50
533 3237 602 3320 (46)
630 3235 764 3297 Bassum
798 3235 895 3298 alium
938 3251 1034 3319 atque
1057 3236 1258 3300 Asculanum
1292 3235 1382 3297 illum
1416 3235 1485 3312 dici,

270 3363 343 3404 oum
368 3345 444 3403 haec
467 3363 515 3401 res
538 3362 667 3422 prorsus
691 3341 824 3401 obscura
847 3341 897 3415 sit,
921 3341 1162 3414 dubitationem,
1196 3340 1221 3401 si
1245 3359 1325 3420 quae
1358 3338 1396 3399 de
1418 3326 1483 3400 sen-

271 3444 368 3508 tentia
391 3444 429 3507 de
453 3442 605 3506 Sisennae
640 3442 847 3524 dispositione
870 3449 992 3526 prolata
1015 3466 1071 3506 sua
1093 3444 1208 3520 oritur,
1243 3464 1317 3504 sane
1351 3463 1411 3504 non
1432 3464 1482 3504 su·

270 3546 370 3610 stulit.
415 3547 525 3627 Atque
549 3545 661 3621 miror,
693 3546 779 3626 quod
814 3546 859 3628 (p.
884 3549 938 3630 60)
961 3546 1128 3610 Sisennam
1162 3545 1242 3608 libro
1267 3545 1336 3622 ΙΙΙ,
1369 3545 1480 3628 quippe

271 3651 327 3733 qui
351 3671 397 3713 res
415 3649 496 3711 solas
518 3649 550 3710 in
576 3647 706 3710 Samnio
729 3659 759 3711 et
786 3647 962 3731 Campania
985 3656 1090 3733 gestas
1114 3649 1339 3724 continuisset,
1373 3647 1480 3711 Roma-

271 3775 385 3816 norum
410 3775 551 3836 pugnam
565 3773 638 3813 cum
651 3749 754 3815 Gallis
766 3752 914 3816 Salluviis
939 3766 1039 3815 ortam
1054 3753 1196 3836 attigisse
1219 3751 1354 3835 putavit.
1379 3749 1479 3815 Nonne

271 3856 379 3940 potius
402 3855 555 3919 Sisennae
578 3857 640 3918 fuit
663 3857 743 3918 hanc
765 3877 831 3918 rem
856 3854 937 3918 libro
961 3855 1014 3931 ll,
1039 3877 1103 3936 quo
1127 3856 1165 3918 de
1187 3854 1370 3918 Picentibus
1402 3853 1478 3917 aliis-

272 3979 334 4041 que
356 3958 506 4043 gentibus
529 3959 674 4023 finitimis
696 3957 823 4021 locutus
847 3966 938 4035 esset,
960 3958 1155 4021 describere?
1199 3959 1233 4022 Id
1258 3957 1386 4038 quidem
1413 3977 1475 4019 cum

272 4062 479 4146 dispositione
502 4061 574 4125 libri
598 4063 724 4126 alterius
748 4073 778 4124 et
807 4061 907 4136 tertii,
941 4062 1067 4144 qualem
1101 4063 1198 4125 fuisse
1222 4061 1347 4124 lliesius
1375 4073 1474 4131 censet,

273 4205 443 4212 -κ--ψ---.
468 4208 475 4212 .

363 4291 394 4362 1)
417 4296 453 4353 es.
477 4291 567 4346 Vellei
591 4294 629 4360 II,
667 4289 714 4358 15,
741 4289 768 4348 1,
813 4293 889 4350 tlros.
914 4293 948 4359 V,
975 4289 1026 4356 18,
1049 4289 1076 4350 8,
1128 4286 1160 4368 2)
1184 4293 1220 4350 cs,
1255 4308 1323 4360 quim
1355 4289 1420 4342 infra
1447 4291 1474 4342 nd

273 4379 306 4432 sr.
331 4378 370 4434 70
393 4377 529 4438 adnotavi,
