3132 4588
745 212 934 276 ,38-

229 395 315 480 quod
341 393 466 460 Nonius
489 398 668 482 fragmento
690 395 763 462 libri
785 398 835 464 111
847 396 1024 476 subiunxit,
1047 397 1087 462 ad
1111 396 1303 464 huncetiam
1327 395 1460 464 librum

226 497 455 566 revocavimus.
499 497 611 584 Neque
644 506 746 566 solum
769 506 855 578 loco,
889 501 946 584 qui
978 503 1158 586 fragmento
1191 502 1278 586 apud
1304 501 1459 568 Nonium

224 613 281 678 est,
304 601 359 666 sed
383 601 479 665 etiam
502 610 700 681 argumento,
722 604 808 687 quod
831 603 871 666 ad
892 609 995 688 legem
1019 603 1229 687 Calpurniam
1252 613 1384 689 spectat,
1408 606 1457 668 ad

222 702 340 770 librum
362 703 413 768 111
436 704 586 788 pertinet.
630 703 737 770 Verba
759 707 842 770 enim
867 706 906 770 de
929 705 973 769 eis
997 705 1107 782 sociis,
1130 708 1186 789 qui
1209 707 1305 770 fidem
1329 707 1458 772 Rorna-

222 806 272 870 nis
294 807 519 892 praestiterint,
541 808 592 872 vel
614 820 742 893 gratum
760 809 882 892 aliquid
906 808 1046 886 fecerint,
1068 821 1144 874 sunt
1166 809 1389 896 intellegenda.
1414 817 1459 878 cf.

222 908 335 974 Vellei.
359 907 406 986 11,
430 911 479 974 16.

809 1019 860 1082 46.

308 1113 390 1182 Non.
412 1137 434 1182 s.
457 1137 487 1178 v.
511 1116 693 1200 permittere
715 1140 745 1202 p.
771 1119 839 1184 162.
874 1116 1006 1182 Sisenna
1033 1117 1238 1184 historiarum
1272 1117 1353 1181 libro
1376 1117 1455 1186 Ill:

221 1217 265 1282 Et
287 1218 361 1284 inde
384 1240 476 1282 eoum
500 1219 694 1284 concitatum
717 1219 866 1305 princeps
896 1221 935 1283 ad
970 1220 1112 1302 hostium
1146 1220 1303 1306 permittit
1335 1222 1454 1294 aciem.

225 1318 261 1383 P.
285 1321 334 1386 32.

309 1423 384 1506 Quo
396 1432 517 1510 spectet
528 1424 617 1490 locus
641 1425 811 1504 nescimus,
833 1426 894 1490 nisi
906 1426 993 1510 quod
1006 1426 1046 1492 ad
1059 1426 1184 1504 ducem,
1206 1449 1225 1489 a
1247 1449 1455 1512 quopugnae

223 1523 353 1590 initium
377 1528 488 1606 oritur,
510 1529 695 1596 referendus
717 1540 773 1594 est.

810 1635 859 1699 47.

307 1729 388 1796 Νοη.
413 1757 437 1801 s.
462 1757 492 1804 v.
517 1735 739 1820 manipulatim
761 1758 791 1819 p.
804 1737 873 1802 141.
895 1733 1030 1800 Sisenna
1052 1734 1256 1798 historiarum
1278 1733 1359 1800 libro
1370 1734 1444 1802 Ill:

224 1832 455 1917 Requiescendi
478 1837 617 1921 spatium
642 1837 736 1909 nacti.
763 1859 837 1902 cum
861 1836 1020 1900 densiores
1043 1837 1266 1922 manipulatim
1291 1838 1437 1904 resistere

225 1935 369 2001 hostibus
392 1937 615 2010 instituissent.
638 1941 674 2006 P.
699 1943 747 2008 31.

622 2103 625 2108 .
805 2045 855 2111 48.

309 2139 389 2210 Non.
412 2165 436 2208 s.
459 2165 487 2208 v.
511 2145 716 2210 multifariam
742 2168 774 2232 p.
799 2149 868 2213 141.
899 2145 1032 2212 Sisenna
1045 2145 1248 2209 historiarum
1272 2145 1354 2208 libro
1381 2146 1435 2211 111

227 2243 322 2328 Quod
347 2247 415 2312 loca
436 2251 591 2334 palustria
632 2296 639 2312 .
665 2303 671 2317 .
695 2272 758 2334 que
787 2259 876 2314 erant
909 2258 941 2313 et
961 2248 1024 2314 alte
1046 2248 1254 2313 multifariam
1287 2251 1445 2314 confossa.

226 2347 261 2415 P.
285 2352 334 2416 18.

311 2452 425 2520 Verbis
447 2455 496 2519 his
518 2478 648 2542 pugnae
670 2455 758 2520 locus
781 2455 961 2540 descriptus
986 2455 1210 2520 videturesse.
1254 2453 1316 2518 Sed
1352 2476 1448 2536 quem

226 2554 417 2622 intellexerit
436 2560 581 2634 Sisenna,
604 2558 731 2622 nomine
754 2559 869 2622 omisso
893 2559 1062 2645 nescimus.
1107 2557 1270 2622 Pertinere
1293 2563 1449 2636 fragmen·

229 2668 298 2722 tum
317 2669 426 2744 potest
448 2663 486 2726 ad
511 2683 654 2748 pugnarn
678 2661 718 2724 ud
740 2667 846 2726 laeum
868 2659 1030 2733 Fucinum
1054 2671 1194 2744 gestam,
1228 2681 1328 2744 prope
1351 2677 1447 2742 quem

180 2831 184 2849 Ι
231 2759 366 2828 Porcius
389 2765 468 2832 Cato
493 2764 610 2829 bellurn
632 2765 732 2849 gessit
754 2763 861 2850 (Oros.
885 2762 926 2841 V,
949 2765 1013 2848 18),
1036 2763 1176 2845 itemque
1207 2764 1247 2826 ad
1281 2762 1441 2848 regionem

225 2865 481 2932 Minturnensem
505 2866 660 2952 (Appiau.
683 2869 713 2943 1,
736 2869 791 2951 42)
816 2867 923 2932 velud
947 2867 1103 2951 proelium
1125 2866 1165 2930 ad
1187 2865 1308 2930 flumen
1341 2865 1443 2948 quod-

225 2971 299 3035 dam
322 2971 536 3036 commissum.
580 2969 662 3034 Nam
685 2969 775 3034 fluvii
798 2971 925 3054 saepius
947 2971 982 3032 in
1004 2992 1115 3054 pugna
1148 2967 1175 3035 b.
1198 2968 1449 3034 s..deseribenda

226 3061 526 3151 commemorantur,
551 3085 646 3158 utap.
671 3074 757 3158 App.
778 3075 804 3152 1,
827 3075 878 3150 43,
901 3073 997 3138 Ovid.
1020 3077 1090 3142 fast.
1115 3071 1174 3149 Vl,
1197 3073 1270 3148 565,
1292 3069 1385 3137 Oros.
1408 3069 1446 3148 V,

232 3183 279 3245 18.
301 3178 388 3262 App.
415 3176 440 3255 Ι,
464 3177 513 3242 52.
730 3231 731 3236 ,
791 3255 793 3260 Ι

816 3281 865 3344 49.

314 3381 395 3452 Non.
417 3407 441 3448 s.
456 3405 486 3447 v.
510 3381 667 3446 claritudo
690 3383 781 3466 1182.
826 3381 961 3445 Sisenna
984 3378 1132 3444 historiae
1155 3378 1235 3442 libro
1258 3378 1327 3444 111:
1353 3378 1445 3458 Quod

228 3490 402 3552 fortassean
424 3509 464 3551 ex
488 3491 652 3550 voluntate
675 3507 733 3547 sua
754 3507 880 3548 summa
902 3505 975 3548 cum
999 3481 1187 3547 claritudine
1210 3481 1351 3546 celeriter
1374 3503 1444 3544 cou-

226 3591 358 3658 fecisset.
381 3590 417 3654 P.
441 3591 490 3656 49.

312 3693 417 3759 Verba
440 3693 545 3758 nescio
568 3688 611 3756 on'
631 3697 703 3776 apte
726 3697 917 3756 revocentur
939 3690 978 3754 ad
1004 3687 1214 3765 Indocilium,
1247 3709 1342 3769 quem
1376 3708 1443 3772 spes

226 3796 351 3876 Asculi,
374 3797 463 3862 urbis
486 3794 617 3882 patriae,
650 3793 815 3858 obsidione
848 3791 1004 3858 liberandi
1039 3790 1192 3856 destituit.
1238 3787 1320 3854 Nam
1342 3789 1443 3854 Ascu-

225 3900 306 3979 lani,
340 3923 413 3965 cum
447 3922 500 3964 eos
533 3921 588 3984 per
610 3897 761 3962 nuntium
781 3897 824 3961 de
856 3896 986 3961 consilio
1020 3918 1079 3959 suo
1102 3893 1249 3958 certiores
1272 3891 1394 3956 fecisset
1414 3903 1442 3956 et

225 4003 413 4068 adhortatus
436 4009 527 4078 esset,
551 4013 587 4064 ut
612 3999 668 4064 ubi
688 4023 762 4063 snm
786 4000 950 4075 vidissent,
973 3999 1005 4060 in
1028 3997 1209 4062 obsidentes
1232 4004 1439 4080 erumperent,

228 4106 310 4170 hanc
343 4105 387 4171 rei
422 4105 576 4188 gerendae
610 4103 807 4168 occasionem
832 4101 1121 4188 praetermiserunt.
1166 4099 1228 4164 Sed
1261 4098 1438 4167 Iudacilius

227 4232 300 4274 curn
324 4232 381 4294 per
404 4209 525 4273 medios
548 4208 654 4272 hostes
677 4227 751 4270 curn
776 4206 885 4290 paums
908 4206 941 4268 in
964 4204 1120 4290 oppidum
1145 4202 1351 4288 perrupisset,
1373 4223 1439 4286 pue·

226 4335 283 4378 nas
305 4311 346 4378 ab
367 4311 566 4390 adversariis,
588 4309 645 4396 qui
667 4308 836 4374 consilium
859 4307 937 4374 illud
960 4308 1001 4372 ad
1023 4307 1151 4372 irritum
1174 4305 1378 4390 redegissent,
1398 4327 1439 4370 re·¹
