3132 4588
617 251 795 322 -35-

65 441 161 517 lites,
184 453 221 506 ut
244 440 296 504 lex
323 440 501 524 Calpurnia
523 453 734 518 concesserat,
768 441 895 506 virtutis
928 464 1004 528 ergo
1037 441 1165 506 civitate
1187 438 1306 506 donari.

68 544 112 611 P.
143 546 211 612 120.

166 647 243 712 Duo
268 647 346 712 haec
368 653 545 732 fragmenta
558 669 596 710 ex
609 646 742 709 diversis
754 645 903 712 Sisennae
925 646 1012 712 libris
1033 647 1132 730 petita
1154 645 1193 710 ad
1207 667 1303 708 unam

68 749 282 832 eandemque
304 755 406 834 legem
431 749 652 834 Calpurniam,
674 749 713 812 de
735 771 799 832 qna
821 749 948 812 aliunde
971 748 1049 812 nihil
1073 749 1226 812 traditum
1246 756 1304 824 est,

68 853 249 937 pertinere,
271 860 337 916 tam
361 850 524 938 probabile
546 864 611 930 est,
634 867 669 916 ut
693 851 802 916 Kienii
834 857 979 936 exemplo
1010 851 1043 937 (l.
1066 873 1091 916 c.
1114 873 1143 936 p.
1167 851 1242 935 224)
1265 849 1305 914 de

68 955 124 1020 eis
148 979 212 1022 una
234 956 444 1041 disputemus.

169 1057 281 1140 Atque
301 1057 437 1122 alterum
460 1057 590 1141 quidem
613 1057 651 1120 ad
676 1056 755 1141 legis
778 1056 976 1142 rogationem
999 1067 1137 1140 spectat,
1169 1055 1302 1119 alterum

70 1159 120 1223 ad
153 1166 300 1244 tempus,
339 1181 403 1244 quo
444 1160 498 1223 illa
532 1161 594 1223 iam
617 1158 831 1225 exercebatur.
875 1159 1162 1222 Discimusautem
1187 1181 1225 1222 ex
1249 1157 1304 1236 eis,
1379 1159 1382 1165 ’
1415 1147 1419 1158 ’

74 1261 122 1327 L.
145 1261 361 1346 Calpurnium
384 1284 511 1347 rogasse
533 1263 692 1348 primum,
725 1273 760 1326 ut
794 1261 876 1326 duae
900 1284 1000 1326 novae
1033 1259 1134 1326 tribus
1158 1263 1304 1326 institue·

74 1375 193 1428 rentur
216 1401 261 1412 -
283 1364 385 1451 simile
407 1365 528 1448 aliquid
563 1365 777 1448 supplendum
802 1365 1018 1431 videturesse
1042 1401 1083 1412 —
1106 1366 1237 1442 deinde,
1268 1376 1305 1430 ut

73 1465 222 1531 ducibus
246 1467 364 1543 liceret,
387 1467 520 1544 milites,
543 1467 662 1550 quibus
680 1467 817 1550 quisque
839 1474 1013 1552 praeesset,
1036 1467 1182 1546 civitate,
1204 1468 1305 1533 virtu·

74 1570 122 1632 tis
143 1570 294 1654 praemio,
318 1570 444 1633 donare.
489 1568 646 1634 Cohaeret
667 1571 734 1634 sine
757 1570 855 1634 dubio
888 1571 965 1634 haec
997 1570 1048 1634 lex
1077 1593 1151 1634 cum
1175 1571 1304 1635 rationi·

75 1671 140 1736 bus
163 1672 244 1749 illis,
277 1694 358 1756 quas
381 1673 515 1736 Romani
550 1672 694 1736 cladibus
723 1696 749 1736 a.
774 1674 889 1757 664!th
912 1672 1037 1748 afflicti,
1070 1694 1144 1738 oum
1167 1675 1229 1738 iam
1252 1679 1303 1738 lex

78 1775 184 1840 Varia
207 1776 430 1853 obsolevisset,
461 1776 500 1840 ad
525 1777 626 1840 socios
645 1777 805 1860 pacandos
827 1777 985 1854 inierunt,
1020 1789 1056 1840 ut
1082 1788 1110 1840 et
1144 1798 1213 1846 eos,
1246 1777 1302 1860 qui

72 1879 174 1943 fidem
213 1878 460 1964 praestitissent,
483 1891 774 1956 remunerarentur,
797 1891 828 1942 et
851 1879 912 1956 eis,
946 1880 1002 1962 qui
1025 1903 1061 1944 ar
1075 1903 1116 1944 na
1138 1881 1303 1964 cepissent,

74 1982 278 2046 occasionem
303 1981 415 2045 darent
438 1980 521 2058 pacis
546 1982 712 2046 faciendae.
758 1981 839 2045 Dico
861 1981 962 2061 legem
1001 1981 1118 2045 Iuliam
1152 1983 1191 2046 de
1224 1982 1302 2072 civi·

73 2091 143 2148 tate
166 2085 261 2148 sociis
284 2095 313 2148 et
335 2083 461 2148 Latinis
484 2084 598 2160 danda,
621 2105 717 2166 quam
743 2083 778 2150 L.
789 2083 899 2147 ‚lulius
923 2083 1039 2148 Cacsar
1062 2083 1173 2148 consul
1196 2105 1302 2148 mense

3 2187 4 2190 ’
78 2186 255 2252 Decembri
278 2210 304 2253 a.
327 2188 480 2271 664s90¹i
504 2186 588 2264 tulit,
611 2199 642 2250 et
663 2193 765 2272 legem
789 2187 948 2250 Plautiam
972 2198 1003 2250 et
1026 2187 1205 2272 Papiriam,
1237 2208 1302 2268 qua

76 2289 124 2356 M.
149 2289 300 2354 Plautius
323 2289 472 2353 Silvanus
496 2300 526 2352 et
549 2289 584 2356 C.
607 2289 756 2374 Papirius
783 2288 898 2366 Carbo,
921 2289 1059 2366 tribuni,
1093 2289 1170 2352 alias
1193 2289 1302 2352 condi-

77 2393 186 2458 cinnes
209 2393 347 2456 civitatis
359 2393 575 2476 impetrandae
587 2393 679 2456 sociis
702 2391 981 2476 proposuerunt2).
1026 2390 1110 2455 Cum
1133 2391 1303 2475 enimpro·
1405 2452 1424 2458 ..

78 2495 185 2560 babile
224 2495 274 2572 sit,
298 2495 396 2578 legem
419 2494 591 2572 Plautiam,
613 2494 763 2577 quoniam
788 2494 931 2578 plerique
955 2492 1087 2571 tribuni,
1110 2494 1303 2576 simulatque

82 2599 308 2684 magistratum
331 2597 480 2674 inierunt,
503 2597 589 2683 leges
611 2600 691 2661 ferre
715 2597 798 2661 soliti
822 2605 918 2673 erant,
941 2595 990 2660 vel
1015 2619 1120 2660 mense
1134 2595 1301 2660 Decembri

78 2726 105 2766 a.
131 2703 251 2787 csstseo
275 2701 325 2765 vel
350 2701 498 2772 Ianuario
520 2725 546 2767 a.
570 2701 724 2783 665J'893)
747 2706 841 2764 latam
865 2721 943 2777 esse,
976 2699 1127 2784 temporis
1148 2699 1302 2764 terminus

79 2805 158 2884 legis
172 2803 366 2888 Calpurniae
386 2803 466 2866 latae
489 2814 545 2868 aut
567 2803 598 2866 in
622 2805 739 2868 eisdem
764 2802 928 2866 mensibus
950 2809 1007 2866 aut
1029 2823 1092 2866 non
1115 2801 1216 2866 multo
1229 2809 1302 2887 post

3 2983 5 2992 Ι
78 2905 272 2972 statuendus
294 2908 361 2974 erit.
427 2971 429 2974 .

165 3011 311 3094 Apparet
334 3021 458 3084 tamen,
496 3009 596 3091 legem
621 3009 828 3092 Calpurniam
852 3019 922 3087 post
944 3013 1045 3094 legem
1068 3007 1206 3086 Iuliam,
1238 3029 1301 3072 non

77 3124 153 3177 ante
178 3123 319 3194 rogatam
353 3135 437 3190 esse,
471 3123 508 3176 ut
539 3118 618 3176 hanc
650 3110 886 3194 quodammodo
920 3110 1117 3195 supplevisse
1147 3112 1302 3176 videatur.

78 3215 165 3280 Nam
188 3216 248 3279 hac
271 3223 308 3279 ut
330 3216 405 3279 novi
430 3215 514 3278 cives
536 3215 569 3278 in
592 3221 662 3278 octo
685 3226 809 3278 tantum
839 3212 942 3278 tribus
964 3226 1054 3279 erant
1085 3213 1231 3298 ascripti,
1263 3235 1303 3278 ne

3 3353 4 3360 1
77 3320 225 3404 potentia
257 3339 294 3382 ac
329 3317 535 3380 multitudine
572 3325 713 3382 veterum
747 3317 866 3380 civium
900 3316 1085 3397 dignitatem
1120 3321 1302 3400 frangerent

78 3419 238 3506 (Velleius
262 3419 304 3496 ll,
328 3419 378 3497 20,
402 3420 542 3504 Appiam
567 3421 606 3484 (le
620 3419 649 3490 b,
673 3441 698 3485 c.
722 3419 864 3504 1,49⁴)‚
887 3420 931 3483 ita
953 3419 1006 3482 illa
1018 3419 1100 3484 duae
1123 3439 1224 3482 novae
1245 3416 1303 3480 tri·

79 3525 142 3590 bus
164 3529 294 3606 rogatae
317 3532 401 3598 sunt,
424 3523 542 3605 quibus
567 3524 640 3588 novi
664 3523 749 3586 cives
771 3534 894 3608 praeter
915 3521 1075 3587 civitatem
1097 3518 1181 3585 haud
1205 3517 1302 3583 dubie

55 3629 131 3690 ·ius
155 3625 303 3711 suffragii
326 3626 513 3710 acciperent.
557 3626 620 3692 sed
647 3625 680 3688 id
703 3663 746 3674 -
768 3625 793 3690 si
818 3626 967 3691 Sisennae
999 3629 1105 3688 locum
1137 3634 1221 3688 recte
1253 3622 1302 3685 in·

79 3729 265 3793 telleximus
288 3766 328 3778 -
353 3728 549 3812 Calpurnius
572 3751 699 3814 rogasse
711 3739 846 3807 tantum,
868 3751 932 3792 non
949 3726 1117 3813 pertulisse
1137 3725 1302 3811 putandus

167 3919 199 4002 1)
221 3926 257 3980 cl.
280 3925 443 3988 Mommsen,
468 3924 501 3982 H.
524 3924 558 3980 R.
581 3925 610 3978 II
632 3943 657 3995 p.
682 3920 742 3978 238
767 3942 827 3981 anu.
893 3919 927 3992 2)
948 3921 1003 3982 vid.
1036 3921 1091 3982 Cic.
1124 3939 1173 3994 pro
1195 3921 1296 3976 Archia

78 4011 109 4077 4,
134 4011 160 4066 7.
209 4010 301 4066 Sebol.
326 4010 392 4066 Bob.
416 4028 441 4079 p.
465 4007 534 4066 353.
600 4007 634 4087 3)
656 4009 705 4068 Cn.
727 4007 865 4079 Pompeio,
888 4009 928 4064 M.
951 4007 1049 4062 Porcio
1078 4007 1183 4065 Catone
1205 4025 1300 4062 consu·

78 4096 155 4154 libus.
201 4092 236 4172 4)
258 4096 314 4148 Aut
336 4095 448 4148 confuse
470 4093 609 4166 Appianas
632 4097 666 4150 de
688 4093 841 4166 quindecim
865 4093 996 4161 tribubus,
1019 4093 1048 4146 in
1069 4092 1206 4165 quasnovi
1228 4091 1299 4146 cives

79 4181 287 4248 distribuantur,
316 4177 438 4251 loquitur
461 4188 508 4232 aut
529 4178 597 4233 dicit
628 4199 710 4234 unam
732 4182 765 4234 de
798 4177 918 4250 pluribus
953 4177 1084 4233 eiusmodi
1113 4177 1300 4250 rogationibus

78 4267 150 4408 baill
192 4267 338 4322 Praeterea
359 4265 536 4328 conferantur
559 4263 614 4326 Cio.
636 4285 663 4348 p.
687 4266 771 4321 Balbo
792 4262 822 4342 8,
846 4260 896 4323 21.
921 4262 1019 4325 Vellei.
1040 4261 1069 4344 2,
1095 4260 1131 4319 16
1156 4263 1202 4326 fin.
1225 4262 1297 4336 Gall,

102 4393 109 4422 2
151 4394 161 4430 ‚
188 4351 216 4420 3.
