3132 4588
569 234 776 304 ..33-

49 447 153 491 rasse.
177 461 221 470 -
241 422 402 510 Exempla
422 423 483 488 666
506 422 600 486 modo
612 421 723 507 populi
736 419 968 486 misericordiae
978 417 1193 494 concitandae,
1215 417 1283 482 sive

51 538 87 591 ut
107 527 351 612 quispoenam,
373 547 456 608 qnae
479 525 653 600 immineat,
675 523 820 610 effugiat,
842 523 909 586 sire
931 534 968 586 ut
990 522 1284 586 multitudinisani·

59 651 133 693 mos
161 629 221 693 sibi
244 628 399 704 conciliet,
422 649 460 690 ne
481 627 641 711 repulsam
664 627 800 710 accipiat
810 625 860 688 vel
882 636 919 688 ut
931 625 1127 710 rogationem
1141 624 1282 708 aliquam

54 737 202 816 perferat
224 730 274 792 vel
297 742 334 796 ut
355 729 544 812 aliudquid,
565 729 652 811 quod
664 729 753 812 petit,
775 733 998 808 consequatur,
1022 726 1175 790 nonnulla
1196 726 1283 812 apud

54 834 226 898 Romanos
247 845 368 897 veteres
389 831 482 895 nobis
504 841 676 896 occurrunt
690 831 725 912 ¹).

653 935 705 998 40.

150 1037 233 1104 Non.
256 1061 279 1106 s.
301 1061 332 1104 v.
354 1036 448 1102 callet
469 1059 499 1120 p.
521 1038 593 1100 258.
638 1035 773 1100 Sisenna
795 1035 999 1100 historiarum
1022 1034 1104 1100 libro
1117 1035 1193 1100 111:
1216 1035 1285 1102 Lu-

59 1141 151 1206 cium
186 1139 378 1205 Memmium
400 1161 543 1204 socerum
576 1137 639 1203 Gai
674 1137 830 1216 Scriboni,
855 1135 1022 1203 tribunum
1055 1123 1167 1222 plebis,
1189 1159 1286 1222 quem

59 1242 169 1308 Marci
195 1243 268 1306 Livi
292 1243 508 1308 consiliarium
530 1242 627 1308 fuisse
649 1240 804 1306 callebant
826 1253 857 1306 et
886 1253 964 1305 tnnc
999 1239 1151 1305 Curionis
1183 1255 1287 1305 orato-

65 1368 146 1413 rem.
192 1346 228 1412 P.
249 1347 301 1410 44.

153 1447 314 1513 Dubitare
331 1449 414 1525 licet,
447 1461 556 1512 utrum
591 1455 805 1532 fragmentum
838 1457 918 1510 teste
950 1445 1058 1509 codice
1091 1445 1236 1512 Parisino
1258 1471 1289 1514 n.

64 1551 147 1613 7667
172 1549 254 1614 libro
280 1551 340 1628 ΙΙΙ,
362 1552 415 1616 661
438 1564 485 1615 est
506 1551 624 1634 aptius,
646 1573 687 1614 66
710 1547 846 1614 testibus
867 1546 1032 1612 codicibus
1054 1549 1124 1612 aliis
1146 1549 1226 1613 libro
1238 1548 1286 1616 IV

64 1651 279 1717 tribuendum
302 1654 351 1719 sit.

153 1754 206 1818 De
229 1755 268 1822 L.
292 1755 445 1818 Memmio
468 1753 721 1838 tribunoplebis
744 1775 817 1818 cum
841 1752 917 1816 nihil
940 1753 1109 1818 memoriae
1131 1755 1285 1820 traditum

65 1857 116 1933 ait,
142 1857 281 1923 Rothius
300 1855 376 1920 ‘Gai
389 1857 535 1920 Scriboni
546 1855 667 1920 tribuni
691 1856 801 1940 plebis'
814 1855 949 1940 scripsit.
992 1856 1121 1920 Isenim
1135 1855 1288 1920 Cicerone

66 1969 200 2024 auctore
221 1960 327 2046 (Brut
351 1962 401 2036 89,
424 1962 501 2046 305)
524 1961 583 2022 666
606 1980 737 2022 munere
759 1981 785 2024 6.
807 1959 923 2044 664190
944 1963 1073 2022 functus
1094 1965 1150 2022 eat.
1195 1957 1290 2024 Prae·

67 2073 154 2128 terea
177 2063 285 2127 Sullae
306 2067 431 2148 legatus
454 2064 486 2125 in
511 2061 592 2126 bello
621 2061 840 2124 Mithridatico
873 2068 905 2125 et
937 2063 997 2128 Gn.
1028 2059 1156 2126 Octavii
1178 2082 1239 2128 666.
1261 2085 1289 2128 a.

69 2167 167 2248 67817
173 2167 191 2230 6
215 2165 345 2250 collega,
368 2163 513 2228 666666
536 2166 651 2249 679175
675 2167 840 2246 usquead
863 2187 983 2228 annum
1020 2163 1134 2249 681173
1157 2185 1292 2248 procon-

68 2273 120 2334 sul
142 2267 352 2332 Macedoniae
374 2270 444 2347 fnit,
468 2276 613 2332 mortuus
635 2278 683 2330 est
704 2289 730 2332 6.
753 2267 877 2353 701153.

158 2371 218 2434 1116
240 2380 347 2435 autem
371 2372 410 2434 L.
436 2370 619 2438 Memmius,
641 2371 774 2434 fortasse
797 2371 894 2433 frater
916 2367 1019 2432 minor
1040 2379 1118 2434 natu
1137 2369 1174 2434 O.
1187 2369 1291 2436 Mem-

73 2475 128 2537 mii
152 2473 241 2538 illius
264 2473 385 2538 tribuni
407 2473 509 2558 plebis
531 2497 559 2540 6.
583 2473 730 2558 6431111,
753 2471 810 2555 qui
833 2471 870 2538 O.
894 2469 1030 2535 Servilio
1059 2469 1195 2537 Glaucia
1216 2496 1293 2539 auo·

75 2590 142 2641 tore
166 2581 312 2642 aemulus
334 2601 353 2640 a
366 2576 546 2642 ¹Saturnino
567 2599 594 2642 a.
617 2577 754 2660 6541100
776 2576 960 2638 interfectus
982 2586 1039 2652 est,
1062 2591 1131 2640 tum
1146 2577 1180 2640 in
1200 2597 1293 2644 6666-

74 2679 235 2746 satoribus
256 2679 417 2744 acerrimis
441 2678 626 2757 habebatur,
650 2692 686 2744 ut
709 2677 820 2742 Cicero
834 2675 942 2762 (Brut.
954 2678 1005 2753 36,
1018 2678 1094 2762 136)
1115 2701 1189 2744 eum
1212 2681 1294 2746 mul-

78 2791 127 2845 tos
151 2781 185 2844 in
208 2781 365 2846 indicium
388 2782 500 2868 capitis
523 2803 661 2860 vocasse,
682 2803 740 2866 pro
763 2781 825 2844 reis
849 2801 912 2843 nnn
934 2801 1026 2864 saepe
1048 2780 1165 2847 dixisse
1177 2797 1293 2852 narrat.

79 2882 129 2948 De
153 2883 340 2969 expellendo
362 2907 398 2950 eo
422 2886 473 2949 hic
494 2886 548 2970 agi
571 2907 610 2950 ex
643 2883 786 2969 Appiani
818 2881 998 2947 testimonio
1032 2883 1179 2972 colligere
1212 2889 1294 2969 lieet,

78 2987 134 3070 qui
158 2987 203 3071 (6.
226 3008 252 3054 c.
275 2987 303 3063 1,
325 2990 381 3072 37)
404 3010 568 3074 perperam
602 2987 639 3054 L.
669 2986 860 3050 Memmium
893 2986 1073 3052 Achaicum
1103 3009 1177 3054 cum
1200 2991 1296 3058 Cotta

76 3093 147 3176 lege
170 3088 269 3156 Varia
290 3090 325 3155 in
347 3091 495 3156 exsilium
507 3091 642 3156 eiectum
665 3111 732 3154 esse
756 3099 917 3156 memorat.
942 3095 981 3154 61.
993 3089 1164 3176 L.Lange,
1186 3095 1298 3180 Antiq.

80 3193 172 3260 Rom.
195 3193 256 3261 vol.
277 3193 341 3272 111,
363 3217 394 3280 p.
419 3199 477 3260 107
502 3219 574 3259 666.
598 3201 625 3262 7.

164 3297 308 3361 Pertinet
329 3297 430 3382 igitur
452 3300 668 3384 fragmentum
690 3297 730 3362 ad
752 3297 872 3362 iudicia
893 3297 949 3363 illa
970 3299 1010 3361 de
1042 3297 1097 3376 616,
1119 3299 1186 3380 qni,
1209 3301 1296 3383 quod

81 3398 153 3465 belli
177 3399 308 3464 Marsici
330 3407 474 3466 auctores
496 3414 608 3477 essent,
630 3399 697 3482 lege
721 3399 816 3465 Varia
826 3400 1067 3468 accusabantur.
1112 3400 1296 3468 Hancenim

82 3505 120 3586 Q.
145 3503 262 3568 Varius
276 3505 304 3590 ²)
332 3502 482 3568 tribunus
504 3503 556 3568 1116
577 3501 678 3588 plebis
700 3502 734 3564 in
756 3527 877 3568 annum
899 3506 1013 3587 664190
1046 3504 1240 3586 designatus,
1262 3529 1299 3574 eo

82 3609 213 3674 consilio
230 3611 314 3688 tulit,
339 3625 373 3676 ut
395 3613 433 3688 ei,
455 3613 573 3694 quibus
597 3607 796 3675 necessitudo
818 3630 930 3674 aroana
953 3627 1027 3672 cum
1049 3608 1142 3673 sociis
1164 3613 1301 3676 externis

82 3713 320 3790 intercessisset,
353 3715 439 3797 quod
472 3727 582 3779 contra
614 3713 844 3800 rempublicam
876 3712 1032 3788 fecissent,
1065 3711 1300 3784 damnarentur.

83 3824 240 3904 Apparet,
261 3815 338 3882 haec
359 3817 488 3896 iudicia,
509 3835 681 3904 postquam
703 3815 841 3884 exerceri
862 3826 974 3900 coepta
995 3823 1080 3891 sunt,
1105 3812 1183 3879 bello
1205 3817 1300 3882 etiam

172 3997 204 4068 1)
227 3999 262 4058 61.
293 3995 348 4056 Cic.
369 3995 403 4051 de
424 4005 493 4056 orat
514 3997 537 4065 I,
562 3989 686 4075 531228.
728 3993 847 4068 Appian.
870 3995 896 4052 6.
919 4011 943 4049 6.
966 3994 988 4053 Ι.
1014 3986 1118 4069 140(c.
1131 3987 1207 4093 13).
1230 3993 1301 4051 Gell.

87 4092 125 4159 11
150 4079 197 4145 13,
241 4079 275 4162 2)
297 4087 334 4140 61.
356 4081 472 4155 Appian.
495 4082 568 4143 (1.6.
590 4100 613 4140 6.
636 4084 660 4151 I,
683 4079 738 4136 37:
761 4072 1062 4152 ottamtgrtowwv
1095 4070 1301 4178 0666666161·

88 4193 209 4276 μαρχον
225 4169 348 4232 ἔπεισαν
370 4162 576 4267 ἐσηγήσασθαι
599 4169 711 4245 κρίσεις
733 4163 810 4227 εἶναι
831 4159 911 4227 κατὰ
932 4169 998 4226 τῶν
1018 4175 1086 4238 τοῖς
1118 4117 1303 4238 trecenteni,-

89 4261 169 4420 gal·
157 4253 197 4320 τὰ
213 4249 322 4400 ἑιοιιιὲι1
333 4261 477 4412 ppveooig
499 4245 518 4332 ἣ
540 4249 646 4332 κρύφα
666 4247 878 4331 βοηθούντων
901 4255 968 4312 κτλ.
991 4253 1027 4310 61.
1049 4249 1164 4307 escon.
1157 4269 1187 4306 m
1208 4253 1301 4312 Scaur

113 4346 169 4402 2¹
162 4365 192 4401 ιιι
237 4361 302 4398 orne
