3132 4588
748 240 943 303 -32..

239 446 265 491 a
288 424 401 512 octaua
426 424 610 490 admonitus
632 437 724 504 esset,
747 437 783 490 ut
805 425 900 492 rebus
912 426 1032 492 Romae
1055 427 1186 491 mutatis
1204 419 1241 490 in
1268 427 1392 491 ltaliam
1417 449 1470 492 re·

240 527 331 604 diret,
353 534 524 612 postquam
547 551 643 594 naves
673 539 705 592 et
727 530 874 612 equitum
897 529 1140 594 Maurusiorum
1173 552 1289 614 agmen
1322 531 1470 612 aliosque

239 629 365 694 exsules
388 631 502 716 coegit,
526 654 545 694 a
568 631 703 699 Cercina
736 633 842 696 insula
874 638 1036 716 profectus
1066 637 1163 715 paulo
1196 643 1268 716 post
1301 633 1335 696 in
1368 647 1467 716 portu

242 731 390 796 Etruriae
411 754 520 817 parvo,
544 734 600 817 qui
623 733 778 799 Telamon
801 747 935 800 vocatus
958 747 1015 813 est,
1038 757 1134 798 naves
1157 735 1293 820 appulit.
1340 735 1470 798 Deinde

241 833 372 912 Marius,
396 857 470 900 cum
493 837 521 900 ei
544 860 563 900 a
586 837 701 914 Cinna,
725 858 823 920 quen-r
847 843 1012 902 consulem
1036 839 1232 921 agnovisset,
1266 837 1470 922 proconsulis

240 937 381 1022 dignitas
403 938 509 1004 oblata
531 947 631 1016 essct,
668 941 750 1004 hanc
771 964 790 1004 a
812 947 896 1004 sorte
920 963 978 1004 sua
1001 939 1171 1005 abhorrere
1193 954 1282 1004 ratus
1305 956 1335 1002 et
1358 941 1469 1003 omnia

239 1040 365 1124 imperii
387 1041 526 1126 insignia
548 1064 740 1125 omnemque
771 1043 912 1126 corporis
945 1050 1068 1108 cultum
1104 1056 1292 1130 aspernatus
1325 1043 1473 1107 immissa

241 1141 337 1206 barba
369 1156 400 1207 et
431 1144 558 1208 intonso
591 1146 705 1231 capillo
739 1146 902 1230 ingressus
926 1154 974 1209 cst
997 1147 1156 1230 urbesque
1179 1147 1327 1212 Etruriae
1349 1145 1389 1209 ad
1412 1169 1472 1210 ru-

240 1245 345 1324 sticos,
369 1258 401 1311 et
423 1247 539 1313 liberos
562 1265 594 1312 et
616 1271 732 1318 servos,
755 1260 792 1314 ut
814 1269 923 1312 secum
947 1266 1057 1314 contra
1079 1263 1186 1336 partes
1209 1252 1357 1315 Sullanas
1379 1271 1472 1314 arma

243 1361 402 1436 caperent,
424 1351 640 1416 sollicitandos
662 1351 829 1417 circumiit.
874 1349 1025 1416 Conferre
1048 1367 1155 1420 autem
1189 1355 1293 1439 placet
1316 1353 1472 1419 Sisennae

240 1453 340 1518 verba
363 1475 436 1517 cum
459 1453 536 1519 locis
559 1455 662 1524 hisce:

351 1555 513 1624 Plutarch.
535 1558 615 1625 Mar.
638 1580 664 1623 c.
688 1562 749 1625 41:
958 1557 1099 1642 Appian.
1122 1560 1160 1624 de
1185 1559 1213 1622 b.
1237 1582 1263 1622 c.
1288 1561 1315 1632 l,
1339 1561 1395 1624 67:

265 1664 447 1740 Δεξαμένου
469 1667 673 1727 ὃὲτοῶΚίννα
694 1670 746 1727 καί
757 1681 853 1745 προσ·
927 1660 1017 1738 Γάϊος
1040 1667 1072 1726 δὲ
1102 1663 1224 1745 Μάριος
1255 1663 1382 1728 τούτων
1411 1687 1470 1728 πν-

240 1763 473 1846 αχορεύσαντος
513 1763 612 1829 αὐτὸν
655 1764 852 1839 ἀνθύπατον,
883 1762 1019 1840 θόμενος
1043 1767 1073 1843 ἐς
1099 1769 1273 1848 Τυρρηνίαν
1304 1773 1473 1832 κατέπλευ-

244 1865 380 1947 ῥάβδονς
403 1869 436 1930 δὲ
456 1873 508 1930 καί
529 1865 557 1932 τ’
583 1865 663 1932 ἄλλα
684 1868 852 1950 παράσημα
884 1883 936 1931 σεν
958 1863 1021 1944 ἅμα
1044 1884 1111 1945 τοῖς
1134 1874 1361 1947 συνεξελαθεῖσι
1385 1911 1388 1917 ·

241 1979 295 2052 τῆς
317 1967 411 2052 ἀρχῆς
433 1967 687 2047 ἀποστείλαντος,
714 1968 773 2034 οὐκ
796 1971 853 2052 ἔφη

242 2075 373 2154 πρέπειν
406 2070 505 2138 αὐτοῦ
548 2088 617 2150 ταῖς
660 2071 768 2150 τύχαις
797 2069 855 2134 τὸν

242 2172 853 2259 udopoaoiii'a'odrircprotana·
886 2175 1032 2256 ῥυπῶν
1077 2175 1181 2242 dira
1227 2183 1296 2242 καί
1335 2174 1472 2257 κόμης

241 2282 466 2360 χρημὲνος
496 2285 559 2343 καί
602 2287 754 2354 κομῶν,
788 2273 852 2355 ἀφ’
886 2281 1080 2356 ἔμπλεως
1105 2277 1472 2359 ἐπῄειτίιςπόλεις

243 2377 288 2464 ἧς
312 2378 639 2464 ἒφνχενὴμέρας
668 2376 747 2461 ὑπὲρ
770 2382 854 2458 iiidc-
887 2380 1067 2463 οἰκτρὸς
1090 2379 1301 2464 ὀφθῆναι·
1324 2381 1473 2460 μα’χαςτε

242 2483 383 2566 μήκοντα
437 2483 573 2565 γεγονώς
617 2488 669 2566 ἔτη
713 2483 853 2567 βαίην
886 2493 938 2550 καί
959 2484 1091 2567 τρόπεῖα
1114 2482 1215 2548 αὐτοῦ
1238 2483 1395 2565 Κιμβρικὰ
1418 2491 1473 2548 καί

243 2586 421 2669 προσῄει
435 2639 441 2662 ,
476 2587 756 2666 βουλόμενος
780 2591 854 2664 μὲν
887 2593 919 2668 ἓξ
927 2587 1074 2663 ὑπατείας
1090 2583 1319 2668 ὑπερεπαίρων,
1338 2593 1474 2668 καὶπερὶ

246 2688 442 2768 ἐλεεινὸς
465 2692 603 2765 εἶναι,
627 2701 674 2778 τῷ
709 2689 735 2754 d'
758 2692 855 2776 οίκτῳ
885 2703 938 2775 τῆς
973 2695 1168 2771 χειροτονίας
1207 2687 1329 2768 σφόδρα
1363 2687 1474 2766 αὐτοῖς

246 2799 438 2870 σνμμὲμικτο
469 2791 508 2882 τὸ
536 2799 652 2858 οίκεῖον
674 2805 727 2876 τῆς
751 2791 855 2874 ὄψεως
885 2799 1102 2870 ἐπιθυμοῦσιν,
1143 2790 1409 2869 ἐπαγγελλόμενός
1440 2817 1475 2856 τε

250 2894 351 2960 αυτοῦ
373 2900 470 2961 πλέον
492 2894 530 2960 τὸ
553 2896 702 2980 φοβερόν.
887 2905 938 2962 καὶ
955 2893 1065 2972 πιστὸς
1088 2895 1166 2958 εἶναι
1182 2898 1296 2966 δοκῶν,
1321 2895 1475 2977 συνήγαγε

892 3001 1063 3081 Τυρρηνῶν
1085 3000 1309 3076 ἑξακισχιλίους
1331 3005 1398 3062 κτλ.

331 3100 455 3161 &arrius
486 3103 650 3161 Licinianus
666 3122 698 3178 p.
721 3103 762 3160 23
783 3106 825 3162 ed.
850 3107 960 3166 Bona:
992 3109 1087 3162 —et
1118 3121 1191 3161 cum
1225 3103 1354 3177 deformia
1378 3104 1476 3160 habitu

242 3215 267 3265 et
287 3208 361 3264 culta
383 3201 424 3266 ab
446 3202 473 3266 is
497 3203 665 3281 videretur,
688 3203 743 3286 qui
766 3222 838 3268 eum
862 3203 1025 3268 florentem
1049 3201 1191 3264 victoriis
1222 3211 1345 3277 norant,
1368 3207 1474 3280 suppli-

242 3328 350 3387 cemque
370 3330 399 3369 ae
420 3311 544 3368 omnibua
565 3311 648 3385 quari
668 3327 815 3384 oppressus
837 3307 877 3371 ab
890 3306 1031 3370 inimicis
1042 3309 1250 3373 commendaret,
1275 3326 1349 3366 mox
1373 3305 1474 3383 legio·

250 3434 322 3476 narn
346 3410 598 3475 voluntariorum
621 3409 817 3494 conscripsit.

333 3513 419 3580 Inter
441 3514 573 3580 Sisenna
595 3511 691 3576 verba
712 3522 744 3576 et
767 3513 824 3578 hos
846 3519 930 3577 locos
960 3511 1071 3574 allatos
1105 3509 1348 3574 similitudinem
1371 3531 1475 3592 quan-

254 3619 328 3682 dam
350 3617 543 3681 intercedere
565 3615 620 3678 vix
643 3613 781 3694 negabit,
805 3613 861 3697 qui
884 3624 1030 3678 accurate
1053 3635 1089 3676 ea
1101 3612 1279 3676 contulerit.
1325 3611 1410 3676 Cum
1423 3610 1476 3675 Si-

253 3741 369 3784 sennae
392 3718 556 3784 vocabulis
578 3716 723 3780 ‘vicatim
745 3755 787 3764 —-
811 3716 1002 3780 circumiret'
1025 3715 1164 3778 maxime
1187 3715 1383 3780 conveniunt
1407 3715 1475 3798 Ap·

247 3821 438 3908 piani‘iaria
450 3822 504 3900 τὰς
517 3821 633 3900 πόλεις’
646 3820 890 3906 et‘populus'—-
902 3818 988 3902 quod
1002 3816 1194 3881 vocabulum
1209 3839 1301 3902 saepe
1313 3818 1396 3882 idem
1410 3817 1476 3902 sig-

250 3927 358 3992 nificat
369 3924 673 4010 atque‘multitudo'
685 3923 837 4010 (πλῆθος)
852 3961 892 3972 -
907 3921 969 3985 dici
983 3920 1089 4004 potuit
1112 3920 1151 3982 de
1175 3919 1352 3999 agrestibus
1377 3919 1475 3984 Etru·

255 4031 319 4096 riae
350 4028 542 4106 hominibus,
574 4028 630 4112 qui
665 4027 779 4105 Mario,
802 4027 895 4090 cuius
918 4026 951 4088 in
973 4021 1120 4108 partibus
1142 4030 1213 4086 ium
1227 4022 1321 4106 pauci
1344 4034 1475 4102 starent,

254 4133 442 4200 conciliandi
465 4138 578 4208 essent,
601 4143 639 4195 ut
661 4152 734 4196 cum
757 4129 948 4194 adversariis
971 4126 1124 4213 congredi
1148 4137 1264 4211 posset.

336 4237 472 4303 Videtur
492 4243 602 4301 autem
625 4234 758 4301 Sisenna
791 4233 872 4298 hanc
907 4253 983 4307 rem,
1016 4251 1098 4313 quae
1128 4252 1156 4293 a.
1191 4228 1304 4315 certet
1328 4236 1473 4304 exeunte,

250 4341 311 4406 nisi
333 4341 425 4406 initio
456 4339 586 4406 demum
609 4338 684 4404 anni
707 4336 869 4422 sequentis
891 4333 1018 4413 accidit,
1041 4333 1205 4398 occasione
1228 4333 1303 4397 data
1324 4352 1473 4418 praenar-
