3132 4588
720 271 926 332 ..46-

214 455 272 522 Cn.
295 456 484 541 Pompeium
508 464 670 522 consulem
693 470 725 520 et
748 458 782 520 P.
806 455 950 520 Vettium
975 458 1146 536 Catonem,
1169 457 1353 521 Marsorum
1378 456 1445 519 du-

213 580 293 635 cem,
313 558 456 624 habiturn
481 572 576 638 esset,
597 583 670 624 cum
693 563 761 645 ipse
785 561 844 624 tiro
868 561 899 622 in
923 561 1007 625 illius
1030 564 1142 626 fnisset
1163 561 1316 635 exercitu,
1340 581 1373 623 se
1389 559 1444 620 in-

214 662 359 727 terfuisse
383 671 496 730 narrat
539 664 624 729 Tum
647 671 764 730 frustra
786 685 838 728 eos
862 665 900 728 de
911 687 989 748 praee
1007 667 1108 752 egisse
1120 664 1171 728 vel
1194 665 1269 726 inde
1293 674 1441 748 apparet,
1544 650 1545 678 ³

213 765 300 848 quod
324 765 424 830 Marsi
446 768 562 831 iterum
586 767 733 852 pluribus
757 766 884 851 procliis
904 770 995 833 fracti
1019 791 1129 855 pacem
1153 768 1323 853 petierunt.
1347 765 1440 847 (Liv.
1545 758 1546 778 ³

214 867 286 954 epit.
308 870 372 954 76).
1546 866 1547 880 ¹

299 1073 380 1138 Non·
403 1099 426 1138 s.
451 1099 480 1140 v.
506 1078 614 1160 opinio
639 1099 666 1162 p.
689 1079 750 1142 356
774 1076 911 1141 Sisenna
934 1078 1004 1144 hist
1028 1077 1080 1144 lib.
1105 1076 1171 1141 IV:
1194 1072 1445 1161 Popediusopi·

215 1178 310 1243 nione
332 1180 494 1242 frustrata.
517 1180 552 1243 P.
577 1181 646 1244 102.

300 1281 531 1366 Fragmentum
552 1284 647 1346 etiam
669 1286 709 1348 ad
734 1285 945 1368 colloquium'
961 1286 998 1348 de
1018 1285 1104 1370 pacis
1138 1283 1263 1364 legibus
1296 1275 1378 1344 inter
1402 1277 1443 1358 Ω.

216 1383 447 1468 Pompaedium
472 1384 612 1450 Silonem
644 1398 675 1450 et
709 1389 823 1451 ducem
854 1391 992 1472 aliquem
1027 1387 1246 1452 Romanorum
1282 1384 1443 1456 habitum,

221 1489 306 1570 quod
331 1489 371 1552 ad
394 1488 521 1551 irritum
552 1491 717 1568 ceciderit,
760 1493 959 1556 referendum
993 1515 1059 1556 esse
1081 1502 1178 1576 puto,
1212 1490 1277 1552 nisi
1302 1487 1443 1550 Kienius

218 1591 273 1676 (μ.ι
288 1593 350 1656 203
373 1594 458 1676 ann.)
482 1595 599 1657 rectius
621 1595 661 1657 ad
686 1595 811 1660 Marsos
835 1596 1010 1672 revocavit,
1043 1597 1098 1678 qui
1123 1593 1318 1676 Pompaedio
1349 1591 1443 1662 (luce,

218 1716 291 1758 eum
317 1695 445 1760 Etrusci
470 1709 592 1781 praeter
615 1699 797 1782 opinionem
822 1698 949 1761 auxiliis
973 1720 1081 1761 eorum
1106 1719 1173 1760 sese
1198 1720 1259 1759 non
1276 1694 1445 1759 adiunxis‘

217 1805 299 1874 sent,
322 1799 413 1863 initio
435 1824 462 1866 a.
485 1802 600 1887 665l89
635 1825 667 1888 re
690 1803 806 1866 infecta
840 1825 878 1865 ex
902 1802 1031 1864 Etruria
1064 1801 1238 1864 rediissent.
1283 1797 1445 1882 (Appian.

215 1902 242 1968 Ι,
266 1900 321 1986 50)
345 1901 518 1987 Pompeius
542 1905 643 1982 enim,
669 1905 725 1988 qui
749 1907 787 1969 ab
812 1905 933 1968 Asculo
970 1905 1131 1987 profectus
1169 1924 1279 1965 eorum
1313 1900 1447 1982 expedi-

216 2003 336 2068 tionem
359 2018 487 2070 secutus
510 2013 592 2083 erat,
627 2030 775 2092 magnam
811 2008 855 2071 eis
889 2007 1010 2070 cladem
1034 2007 1195 2070 intulerat.
1240 2010 1277 2067 cf.
1302 2002 1441 2067 Orosius

219 2104 260 2183 V,
283 2108 332 2183 18,
354 2109 410 2190 qui
446 2112 526 2173 hane
548 2132 689 2194 pugnam
713 2132 786 2179 eum
811 2111 976 2193 eruptione
1001 2111 1236 2174 Asculanorum
1261 2106 1440 2170 narratione

219 2230 278 2272 sue
300 2212 476 2277 coniunxit.

801 2319 849 2381 67.

305 2414 385 2478 Non.
409 2441 432 2480 s.
458 2441 486 2480 r.
510 2418 657 2502 protinus
681 2442 710 2503 p.
735 2421 796 2485 376
821 2419 910 2481 Idem
936 2417 1098 2506 [Sisenna]
1122 2417 1202 2481 libro
1228 2417 1292 2480 IV:
1328 2416 1443 2480 Castra

220 2517 259 2581 de
283 2518 414 2602 planitie
427 2522 583 2584 convertit
605 2522 636 2584 in
662 2534 792 2600 montes,
816 2531 853 2586 ut
872 2522 898 2610 †
920 2523 1029 2586 crebro
1052 2521 1180 2585 ferculis
1198 2521 1344 2604 protinus
1367 2542 1442 2604 pro-

220 2623 367 2687 cedundo
389 2637 495 2708 posset
519 2626 604 2688 intra
625 2625 703 2689 fines
729 2628 997 2711 Aesculapiorum
1021 2624 1195 2709 pervenire.
1219 2623 1256 2689 P.
1281 2623 1327 2688 51.

305 2725 374 2789 lam
398 2725 600 2792 Riccobonus
634 2745 757 2812 praeter
788 2730 850 2792 alia
883 2729 1051 2814 fragmenti
1086 2726 1197 2803 verba,
1232 2747 1314 2808 quae
1357 2748 1445 2789 nunc

220 2827 367 2892 restituta
398 2826 508 2907 vides,
529 2831 639 2895 falsam
672 2833 839 2896 lectionem
859 2830 1160 2915 ‘Aesculapiorum',
1193 2830 1285 2893 euius
1307 2830 1449 2893 maxime

222 2932 397 2996 mutatione
419 2933 524 2997 variae
545 2934 606 2998 loci
618 2936 843 3019 explicationes
863 2936 982 3020 positae
1005 2942 1091 3010 sunt,
1113 2933 1249 2996 correxit
1271 2933 1304 2994 in
1324 2931 1446 2997 ‘Aesu-

221 3033 386 3101 lanorum’.
429 3035 562 3100 Putavit
592 3039 692 3123 igitur
726 3039 777 3102 hic
810 3040 863 3122 agi
898 3038 1051 3102 deducis
1084 3037 1221 3100 alicuius
1243 3036 1446 3120 expeditione

222 3142 304 3200 saeta
327 3138 361 3200 in
374 3138 529 3203 Aesulum
552 3147 601 3205 vel
613 3142 772 3206 Aesulum
785 3142 818 3204 in
830 3141 993 3204 montibus
1007 3141 1159 3223 Aequieis
1182 3139 1289 3203 situm.
1313 3137 1447 3222 Popma,

222 3240 279 3322 qui
303 3246 340 3304 ut
358 3238 580 3326 ‘Salapiorum’
604 3243 860 3330 [Salapinorum]
884 3244 1004 3330 legeres
1017 3244 1127 3320 voluit,
1151 3241 1310 3326 Salapiam
1333 3240 1446 3305 urbem

223 3343 365 3427 Apuliae
389 3344 545 3424 Dauniae,
568 3348 602 3410 in
624 3369 722 3430 quam
745 3347 906 3431 expeditio
920 3347 1144 3431 susciperetur,
1167 3345 1330 3408 intellexit.
1357 3344 1449 3407 Peter

225 3445 270 3530 (p.
295 3447 383 3532 285),
406 3449 657 3531 quiduasnobis
674 3453 822 3514 lectiones
846 3449 976 3534 praebet
999 3462 1055 3513 aut
1073 3448 1334 3511 ‘Asculanorum'
1358 3449 1444 3529 qrrod

224 3547 287 3612 iam
311 3549 426 3614 Iunius
451 3568 659 3636 proposuerat
681 3570 735 3618 am
755 3554 1018 3618 ‘Aeculanorum’
1041 3552 1126 3634 quod
1144 3550 1278 3612 ltothius
1301 3551 1447 3626 coniecit,

225 3651 306 3717 duos
330 3655 473 3739 Appiani
495 3662 580 3721 locos
602 3659 702 3735 affert,
725 3681 742 3722 e
766 3657 885 3740 quibus
909 3679 1009 3720 unum
1035 3656 1074 3739 (Ι,
1097 3656 1137 3720 47
1161 3653 1227 3736 fin.)
1261 3674 1334 3715 cum
1358 3654 1397 3715 ad
1421 3677 1449 3718 a.

225 3757 341 3840 tellao
365 3773 493 3843 spectet,
516 3761 579 3824 iam
603 3785 701 3846 supra
712 3762 926 3828 tractavimus.
950 3767 986 3827 ef.
1009 3763 1046 3823 ir.
1071 3763 1121 3826 34,
1166 3757 1257 3819 Alter
1279 3762 1385 3818 autem
1399 3763 1448 3818 est

225 3861 278 3923 hio
301 3862 340 3944 (Ῑ,
364 3862 437 3948 5l):
460 3866 586 3944 Σύλλας
609 3867 635 3930 d'
658 3870 688 3944 ἐς
711 3871 804 3944 ἔθνος
831 3869 939 3948 ἕτερον
957 3861 1119 3946 Ἱρπίνους
1152 3863 1449 3940 μετεστρατοπέδευε

225 3972 277 4031 καὶ
298 3972 511 4048 προσέβαλλεν
534 3973 737 4059 Αἰκουλάνῳ.
761 3976 791 4035 οἱ
814 3975 846 4035 a·
868 3966 1047 4044 Λευκανοὺς
1080 3970 1318 4046 προσδοκῶντες
1353 3961 1448 4045 αὐτῆς

226 4075 340 4162 ἡμέρας
364 4086 468 4158 σφίσιν
490 4083 538 4144 ἐπὶ
560 4085 736 4158 συμμαχίαν
758 4074 932 4155 ἀφίξεσθαι,
956 4070 1013 4136 τὸν
1035 4069 1163 4135 Σύλλαν
1192 4064 1303 4147 καιρὸν
1325 4067 1354 4142 ἐς
1381 4069 1444 4129 σκέ-

226 4201 283 4262 ψιν
306 4181 412 4262 ᾔτουν.
458 4179 545 4244 Haec
568 4203 664 4245 resa.
688 4179 802 4262 665s89
827 4174 997 4239 tribuenda
1026 4183 1080 4236 est.
1132 4168 1280 4250 Denique
1311 4165 1450 4230 Kienius

229 4284 274 4374 (p.
297 4288 359 4353 203
382 4285 468 4369 ann.)
490 4284 640 4370 opinatus
664 4291 719 4360 est,
742 4278 839 4346 verba
861 4289 898 4342 ut
920 4283 955 4340 fr.
980 4276 1019 4340 66
1045 4273 1201 4358 pertinere
1213 4269 1253 4334 ad
1276 4267 1452 4333 exercitum

228 4389 319 4458 illurn
343 4387 535 4466 Marsorum,
558 4387 614 4472 qui
637 4384 728 4450 initio
750 4408 777 4448 a.
805 4382 918 4468 scalea
941 4402 980 4444 ex
1005 4377 1143 4454 Etruria,
1176 4377 1209 4439 in
1242 4394 1338 4458 quam
1362 4370 1450 4436 exitu
