3132 4588
786 241 981 304 ..55-

276 435 383 490 tonem
407 422 574 488 consulem
597 423 788 489 iuterhuius
808 424 925 490 milites
946 447 973 492 a.
996 424 1111 509 665s89
1135 425 1271 490 movisse
1294 425 1400 502 tradit,
1423 446 1512 489 curn

279 528 320 592 ad
342 526 479 592 similem
502 547 569 590 rem
590 531 818 612 fragmentum
840 527 909 591 siue
943 526 1042 592 dubio
1064 527 1279 600 revocandum
1313 529 1371 606 sit,
1404 527 1512 592 Peter

272 627 408 694 ‘Titinii’
432 629 502 694 loco
520 628 571 696 Ὅ.
594 627 728 694 Titium'
748 627 952 694 scribendum
986 637 1081 715 putat
1112 653 1190 697 esse.
1235 630 1362 696 Deinde
1394 653 1508 697 enun-

275 733 392 798 tiatum
414 733 582 798 relativum
605 735 793 820 fragmenti,
826 734 860 798 in
893 755 958 817 quo
991 733 1180 799 iamdudum
1210 733 1413 799 offenderunt
1429 735 1503 798 siri

275 836 360 902 docti
373 837 410 921 ¹),
428 835 495 902 ‘oui
516 835 543 924 †
565 836 674 901 minus
693 836 871 920 proprietas
894 836 996 901 menis
1028 835 1068 900 ab
1091 849 1207 902 natura
1234 837 1351 902 tradita
1373 837 1503 902 videre·

274 940 337 1004 tur'
382 939 496 1004 Dionis
530 938 652 1006 verbis:
674 949 712 1021 τῇ
733 965 766 1004 τε
798 938 955 1024 παρρησίᾳ
982 938 1048 1017 μετ’
1080 939 1299 1022 ἀναισχυντίας
1328 955 1505 1024 κατακορεῖ

272 1044 434 1127 χρώμενος
455 1042 616 1127 explicans
649 1042 823 1106 sententiae
857 1041 1134 1108 accommodatum
1167 1043 1212 1106 ita
1246 1043 1400 1110 reddidit:
1429 1040 1500 1108 ‘oui

273 1147 416 1212 inmensa
438 1143 585 1230 (ingens
616 1145 727 1231 scrips.
749 1142 844 1208 Peter
865 1143 899 1208 in
920 1149 956 1208 fr.
979 1144 1066 1228 edit.)
1099 1145 1274 1230 procacitas
1308 1146 1422 1210 mentis
1456 1144 1502 1210 ab

277 1261 392 1314 natura
424 1249 541 1312 tradita
573 1249 754 1326 videretur'.
797 1248 883 1314 Sunt
911 1254 1019 1312 autem
1043 1247 1158 1312 Dionis
1190 1249 1287 1312 verba
1320 1249 1412 1314 haec:
1447 1245 1502 1316 du

279 1352 395 1418 Κάτων
417 1351 547 1418 ἀστικὸν
569 1361 620 1418 καί
641 1352 886 1438 ἀφηλικὲστερον
918 1351 956 1418 τὸ
985 1361 1094 1418 πλεῖον
1122 1363 1181 1418 τοῦ
1203 1364 1342 1436 στρατοῦ
1362 1356 1445 1434 ἔχων
1467 1357 1500 1431 ἐς

274 1455 314 1521 τὰ
335 1454 415 1522 ἄλλα
437 1451 533 1538 ήττον
555 1457 679 1538 teporo
702 1466 755 1525 καί
775 1482 853 1524 ποτε
874 1459 1047 1538 &attrectat
1057 1474 1173 1536 σφισιν,
1196 1453 1245 1521 ὅτι
1262 1457 1338 1540 μήτε
1360 1455 1399 1522 τὰ
1420 1482 1499 1539 ταρ-

277 1559 487 1640 αχγελλόμενα
509 1560 685 1641 προθύμως
709 1615 716 1628 .
741 1614 748 1628 .
782 1559 907 1644 ήθελον,
940 1557 1147 1640 ἐπιτολμήσας
1181 1556 1291 1639 ὀλίγον
1313 1558 1498 1640 κατεχώσθη

273 1668 400 1744 βληθείς
440 1658 494 1726 ὑπ’
528 1659 655 1728 αὐτῶν.
686 1670 739 1729 καί
767 1662 922 1745 ἐτεθνήκει
953 1660 981 1742 χ’
1011 1659 1059 1734 ἂν,
1090 1666 1118 1726 εί
1137 1668 1239 1726 λίθων
1261 1659 1498 1745 εάπορήκεσαν.

274 1763 376 1846 ἐπειδή
406 1761 498 1828 δὲτὸ
518 1771 649 1846 χωρίον,
672 1769 705 1832 ἐν
728 1761 975 1854 ᾠσυνειλίχατο,
998 1763 1205 1846 ἐχεγεαίργητο
1216 1771 1268 1829 καὶ
1280 1769 1408 1846 δίυργον
1419 1761 1500 1828 κατὰ

219 1870 220 1873 ’
276 1867 374 1950 τύχην
395 1862 443 1948 ήν,
466 1864 558 1932 οὐδὲν
580 1863 643 1931 ὑπὸ
660 1866 790 1952 Ιβώλων
817 1868 942 1934 ἔπαθεν.
977 1865 1156 1949 συνελήφθη
1187 1871 1218 1931 δὲ
1250 1863 1345 1949 ὁτῆς
1361 1865 1499 1942 στάσεως

274 1967 371 2051 ἄρξας
395 1967 486 2046 Γάϊος
513 1975 621 2046 Τίτιος,
637 1966 715 2052 ἀνήρ
737 1968 889 2052 ἀγοραῖος
910 1977 962 2036 καί
983 1972 1017 2034 ἐκ
1039 1973 1247 2051 δικαστηρίων
1268 1967 1326 2034 τὸν
1348 1975 1420 2048 βίον
1431 1993 1500 2034 ποι·

275 2071 417 2150 οὐμενος,
440 2081 477 2154 τῇ
499 2096 532 2135 τε
550 2071 711 2156 ,παρρησίᾳ
732 2071 800 2150 μετ’
823 2072 1040 2152 ἀναισχυντίας
1072 2088 1241 2155 κατακορεῖ
1251 2073 1424 2154 χρώμενος,
1447 2079 1500 2136 καὶ

278 2179 309 2253 ἐς
331 2173 369 2240 τὸ
392 2172 470 2240 ἄστυ
492 2176 522 2251 ἐς
545 2172 620 2251 τοὺς
637 2175 813 2258 δημάρχους
836 2179 988 2257 ἐπέμφθη,
1017 2173 1076 2240 οὐκ
1099 2176 1257 2257 ἐκολάσθη
1280 2179 1321 2240 de'.

361 2273 558 2359 Disciplinae
591 2286 698 2340 autem
731 2277 927 2344 exercituum
952 2276 1170 2340 Romanorum
1204 2275 1311 2360 lapsae
1348 2276 1495 2361 exempla

273 2380 308 2444 ia
330 2375 413 2443 bello
435 2377 544 2442 sociali
567 2377 661 2463 plura
689 2385 824 2444 exstant.
879 2379 1043 2445 Audimus
1078 2379 1162 2443 enirn
1185 2379 1221 2445 Ρ.
1245 2378 1403 2444 Rutilium
1427 2379 1498 2445 Lu·

274 2504 354 2567 pum
379 2485 560 2559 consulem,
582 2502 655 2546 curu
673 2482 883 2566 proditionem
907 2505 926 2546 a
949 2479 1105 2546 militibus
1129 2481 1310 2559 metuisset,
1342 2483 1383 2546 ad
1407 2505 1501 2547 sena-

275 2598 345 2650 tum
367 2584 406 2650 de
428 2583 488 2648 hac
510 2606 543 2650 re
573 2583 732 2649 rettulisse
788 2584 930 2664 (Cassius
965 2583 1028 2647 Dio
1059 2588 1095 2648 fr.
1128 2585 1169 2647 98
1194 2583 1321 2669 Diud.),
1356 2584 1497 2649 Marium

276 2687 391 2752 milites
413 2709 488 2752 suos
509 2687 657 2773 ignaviae
690 2687 890 2751 accusavisse
934 2685 1035 2769 (Plut.
1059 2683 1140 2752 Mar.
1164 2708 1189 2753 c.
1212 2689 1283 2771 33),
1318 2688 1358 2752 A.
1380 2687 1500 2752 Postu-

275 2791 376 2856 mium
388 2788 547 2854 Albinum
570 2789 720 2870 legatum,
743 2773 799 2878 oui
823 2789 892 2874 ipse
913 2787 1103 2873 proditionis
1114 2789 1245 2853 crimine
1268 2790 1394 2853 infamis
1406 2801 1500 2867 esset,

274 2897 314 2960 ab
336 2893 478 2960 exercitu
500 2915 559 2958 suo
581 2893 783 2957 interfectum
818 2914 892 2958 esse.
948 2892 1019 2957 Liv.
1043 2896 1093 2957 75.
1130 2890 1231 2957 Valer.
1254 2891 1343 2962 Max.
1367 2891 1435 2968 IX,
1469 2895 1499 2959 8.

273 2997 361 3062 Plut.
384 2996 476 3062 Sulla
497 3017 523 3063 o.
548 3003 575 3063 6.
600 2995 694 3061 Οτοε.
718 2993 757 3073 V,
781 2996 831 3072 18,
853 2996 909 3078 qui
932 2995 1024 3060 illum
1048 2993 1241 3058 intolerabili
1264 2994 1415 3080 superbia
1439 2995 1499 3058 mi·

276 3100 387 3171 litibus
408 3098 550 3163 invisum
572 3098 670 3164 fuisse
692 3099 807 3184 prodit

849 3205 918 3268 109.

360 3303 441 3372 Nou
465 3329 489 3370 s.
513 3327 541 3367 v.
564 3305 726 3370 exinanita
759 3327 790 3390 p.
816 3304 886 3370 107.
919 3303 1054 3368 Sisenna
1085 3303 1291 3368 historiarum
1324 3299 1406 3364 libro
1429 3300 1497 3367 IV:

276 3407 427 3491 Denique
449 3408 618 3474 exinanitis
640 3408 751 3473 castris
774 3406 921 3480 Romani,
954 3405 1011 3490 qui
1044 3411 1152 3470 ebuso
1174 3428 1207 3470 se
1239 3410 1307 3470 loeo
1329 3417 1498 3490 potuerant

275 3511 432 3596 expedire.
454 3509 489 3576 P.
513 3512 562 3576 66.

361 3612 510 3677 Fortasse
545 3611 643 3677 verba
673 3612 833 3696 pertinent
866 3612 906 3677 ad
930 3612 1061 3678 eandem
1086 3634 1166 3689 rem,
1200 3633 1297 3694 quam
1319 3610 1495 3676 Frontinus

277 3716 412 3802 (strateg
434 3713 461 3787 Ι,
486 3716 517 3793 5,
541 3718 593 3792 17)
618 3715 769 3800 prodidit,
792 3715 831 3778 L.
855 3714 989 3792 Sullam,
1012 3737 1085 3780 cum
1107 3714 1194 3799 apud
1206 3713 1394 3778 Aeserniam
1418 3712 1498 3777 inter

276 3819 439 3900 augustias
461 3842 480 3884 a
502 3818 603 3903 Papio
627 3817 744 3884 Mutilo
767 3817 983 3902 deprehensus
1013 3839 1086 3882 cum
1110 3839 1146 3882 eo
1168 3816 1208 3881 de
1231 3816 1317 3902 pacis
1341 3815 1497 3880 conditio-

279 3920 375 3987 nibus
396 3927 515 3988 frustra
525 3919 686 4007 agitasset,
709 3919 850 3985 indutias
872 3928 979 3986 tamen
992 3921 1201 4006 impetrasset,
1225 3919 1370 3984 hostibus
1393 3923 1498 3998 negle-

279 4025 389 4112 gentia
409 4025 566 4102 resolutis,
587 4023 644 4108 qui
666 4023 726 4088 hoc
748 4023 821 4088 dolo
843 4023 968 4110 decepti
991 4033 1112 4103 esseut,
1136 4029 1227 4089 nocte
1249 4027 1426 4108 protectum
1450 4022 1498 4086 in·

363 4234 390 4318 ¹)
413 4237 548 4312 Hauptius
569 4235 599 4292 in
621 4237 712 4297 Herm.
735 4235 775 4291 111
803 4255 829 4308 p.
854 4227 1103 4292 341‘euiminus
1125 4235 1309 4292 sobriamous
1333 4252 1350 4288 a
1382 4242 1439 4292 nat.
1461 4243 1496 4301 tr,

277 4319 323 4394 εἶ,
341 4316 486 4396 ‘prolerre'
508 4321 624 4380 Rotbius
646 4330 676 4378 et
696 4321 833 4394 Hauplius
855 4323 874 4386 l.
895 4341 917 4385 ε,
938 4322 1113 4394 scripserunt.
