3132 4588
573 315 784 380 ,43-

29 506 170 569 melius
199 503 399 578 conveniret,
432 526 528 586 quam
563 505 652 572 illud.
699 502 835 567 Videtur
867 513 975 566 autem
1005 502 1148 579 Riesiue,
1182 513 1218 565 ut
1255 501 1288 566 id

31 610 231 680 coniceret,
265 629 301 668 eo
323 607 482 670 adductus
504 631 580 684 esse,
613 608 698 690 quod
724 606 862 669 Kienius
885 608 929 690 (p.
954 609 1030 692 luo)
1054 607 1155 682 dixit,
1188 613 1288 668 totam

32 713 119 776 belli
151 711 287 774 socialis
310 712 617 775 administrationem
641 714 672 774 in
687 713 766 775 {luas
780 718 895 795 partes,
918 732 1000 792 qliae
1023 710 1189 789 diiigenter
1208 709 1290 771 inter

36 839 71 879 se
101 825 226 879 essent
250 815 493 896 distinguendae
525 816 623 877 fuisse
647 816 782 878 divisam
795 816 829 898 ¹).
874 813 916 874 Et
950 819 1088 897 protecto
1122 814 1155 875 in
1189 817 1287 874 altera

37 919 125 982 belli
156 917 239 980 sede
263 917 299 985 P.
324 917 465 981 Rutilius
490 917 616 1002 Lupus,
639 918 750 981 consul
772 941 799 980 a.
823 917 959 998 udaias),
995 931 1105 979 contra
1128 915 1166 996 Q.
1191 915 1288 978 Pom·

37 1021 217 1107 paedium
243 1019 404 1096 silonem,
437 1021 594 1083 sociorum
629 1027 761 1097 ducem,
796 1021 829 1082 in
853 1026 950 1082 altera
981 1027 1089 1083 autem
1125 1019 1162 1080 L.
1186 1017 1289 1082 Iulius

40 1125 180 1189 Caesar
204 1123 318 1186 consul
341 1134 450 1186 contra
475 1124 612 1208 Papium
634 1123 787 1188 Mutilum
811 1147 970 1188 smnmam
993 1123 1133 1186 obtinuit
1155 1120 1290 1205 imperii.

39 1229 108 1293 Sed
139 1237 326 1307 utcumque
349 1249 398 1288 res
417 1237 473 1301 est,
496 1229 835 1310 quamquamomnino
859 1250 973 1311 negare
999 1226 1160 1300 nolumus,
1185 1225 1290 1290 Sisen-

42 1354 139 1405 nam,
173 1329 232 1410 qui
256 1329 377 1411 ipsese
401 1352 505 1392 rerum
529 1333 635 1414 potius
668 1354 765 1413 quam
788 1332 939 1414 temporis
963 1330 1117 1393 rationem
1141 1327 1289 1390 habuisse

42 1437 226 1516 professus
262 1431 302 1492 sit
325 1432 401 1514 (vid.
425 1431 505 1498 Geli.
530 1433 609 1508 XII,
636 1437 697 1509 15),
720 1436 752 1496 in
777 1434 983 1498 describendo
1020 1433 1101 1497 bello
1124 1429 1231 1496 sociali
1254 1451 1292 1493 ea

45 1557 157 1597 usum
183 1555 263 1609 csse,
287 1549 390 1596 tamen
418 1535 532 1610 Riesi0‚
555 1537 621 1618 qui,
645 1558 718 1598 euni
743 1537 833 1600 illum
846 1537 941 1599 nimis
965 1548 1110 1600 accurate
1136 1557 1184 1598 res
1208 1534 1290 1596 inter

46 1661 81 1700 se
108 1636 285 1698 diremisse
308 1639 518 1708 contenderit,
556 1644 627 1719 ptus
661 1663 756 1722 quam
793 1639 919 1722 probaui
956 1649 1075 1724 potest,
1109 1636 1288 1710 coniecerit,

47 1738 209 1802 assentiri
235 1761 296 1801 non
320 1762 501 1822 possumus.
548 1741 629 1803 Nam
652 1741 724 1805 cum
749 1765 788 1804 ex
811 1743 946 1806 aliorum
982 1745 1194 1827 scriptorum,
1230 1739 1286 1824 qui

50 1843 183 1905 bellum
210 1841 324 1904 sociale
346 1844 529 1921 attigerunt,
553 1846 747 1926 fragmentis,
772 1858 839 1908 tum
864 1869 902 1908 ex
916 1846 1001 1908 Livii
1026 1845 1174 1929 epitomis
1198 1845 1290 1909 facile

50 1943 244 2022 intelleges,
279 1967 402 2026 pugnas
427 1948 520 2008 modo
543 1970 616 2008 oum
641 1947 854 2020 Samnitibus,
890 1949 982 2010 modo
1006 1971 1080 2012 cum
1105 1947 1220 2010 Marsis
1240 1945 1289 2010 vel

52 2047 251 2109 Picentibus
275 2048 375 2110 editas
399 2049 548 2131 deinceps
573 2050 718 2113 euanaii.
765 2050 832 2113 Ciu·
856 2051 987 2114 Sisenna
1009 2051 1099 2114 aliter
1115 2051 1148 2112 in
1172 2049 1290 2112 descri-

54 2151 178 2213 bendis
203 2149 246 2212 eis
281 2153 483 2214 versaretur?
528 2155 637 2234 Atque
672 2175 744 2215 eum
770 2151 866 2215 Riesii
891 2155 999 2238 opinio
1021 2155 1060 2217 de
1081 2154 1236 2216 librorum
1260 2149 1295 2216 II

61 2267 93 2317 et
123 2253 178 2318 ΙΙΙ
203 2254 411 2336 dispositione
449 2256 745 2338 p1·olataeo,quod
771 2257 935 2321 Sisennam
960 2255 1120 2332 librolV,
1156 2255 1292 2338 quaein

57 2365 203 2438 utraque
228 2355 300 2418 beili
318 2357 391 2420 sede
423 2365 636 2440 gestaessent,
660 2382 801 2422 narrasse
823 2360 914 2435 dixit,
937 2381 1037 2442 paene
1061 2357 1219 2421 infirmata
1241 2357 1292 2433 sit,

59 2460 122 2522 nisi
151 2457 287 2521 Sisenna
318 2460 547 2523 inconstantiae
589 2461 720 2523 erimine
744 2463 858 2543 dignus
882 2462 1039 2536 videatur,
1061 2460 1295 2524 -sentcntiae

65 2562 132 2622 iam
170 2561 250 2623 nihil
287 2561 401 2639 obstat,
424 2584 520 2645 quam
552 2564 591 2628 de
613 2572 803 2645 argumento
828 2565 900 2627 litu-i
921 2563 972 2628 III
995 2564 1180 2647 quaestione
1202 2563 1294 2626 insti-

63 2677 138 2728 tuta
162 2687 261 2748 supra
284 2666 446 2748 proposui,

640 2923 718 3010 §a

340 3113 381 3176 oe
406 3112 472 3176 aaa
497 3114 596 3194 quarti
621 3118 755 3199 reliquiis
778 3120 1016 3202 sternumento.

472 3345 546 3406 A.
570 3345 894 3423 Reliquiae.

661 3499 712 3568 57.

156 3597 240 3673 Non,
264 3627 288 3669 s.
312 3625 340 3668 v.
365 3625 547 3685 componire
570 3624 600 3684 p.
625 3603 697 3668 256.
743 3600 875 3664 Sisenna
909 3600 1113 3664 historiarum
1149 3595 1291 3660 lib.th

69 3703 145 3782 Eos,
169 3707 224 3788 qui
253 3708 311 3770 hoe
335 3711 451 3768 malum
466 3703 849 3788 publicum-clandestinis
869 3703 1009 3767 consiliis
1021 3709 1293 3788 comparaverunt.

71 3811 106 3876 P.
135 3813 204 3876 111.

158 3911 262 3975 Verba
291 3913 329 3974 ad
354 3912 484 3973 consilia
514 3912 552 3973 de
574 3909 652 3974 betto
688 3908 794 3972 sociali
836 3907 945 3974 habita
968 3907 1074 3972 referri
1098 3915 1233 3992 possunt
1255 3941 1297 3952 —

68 4014 213 4077 ‘malum'
237 4015 296 4076 hoe
321 4015 437 4077 betium
452 4015 545 4077 etiam
561 4011 699 4075 Velleius
722 4011 782 4094 (11,
809 4011 862 4096 15)
886 4011 964 4074 dicit
986 4049 1026 4059 —
1050 4033 1107 4075 nec
1126 4009 1238 4074 nonde
1253 4009 1296 4071 eis

76 4119 160 4182 dicta
183 4141 252 4182 esse
274 4119 401 4182 eredere
424 4117 506 4190 licet,
530 4115 586 4198 qui
609 4115 762 4178 rationem
794 4114 937 4177 miseriae
971 4113 1083 4198 plebis,
1116 4133 1198 4196 quae
1226 4123 1296 4176 tum

74 4244 143 4285 aere
177 4221 280 4285 alieno
314 4221 427 4284 obruta
457 4230 548 4294 esset,
579 4216 734 4280 tollendae
769 4217 907 4282 inierint.
964 4215 1046 4280 Nam
1080 4214 1297 4282 cembellum

149 4427 181 4511 1)
203 4435 372 4490 Documento
393 4440 435 4489 est
457 4428 555 4488 Kienio
578 4426 693 4486 maxime
716 4427 825 4490 Diodes.
850 4428 896 4486 lib.
920 4429 1074 4500 XXXVII,
1097 4448 1120 4491 e.
1144 4426 1173 4496 2,
