3132 4588
618 242 808 308 ..31-

91 429 323 516 pugnationem
345 426 462 494 intulit.
506 426 602 508 Quod
637 426 677 492 de
712 425 886 492 maioribus
914 435 946 490 et
977 423 1126 510 pluribus
1159 425 1318 490 machina-

94 533 209 597 mentis
232 530 369 596 Sisenna
380 529 467 607 dicit,
488 529 681 614 putaverim,
702 551 777 595 eum
788 527 877 612 loqui
900 527 1123 594 deobsidenda
1145 527 1225 592 urbe
1248 551 1321 592 rnu-

17 701 18 704 ,
94 636 176 713 nita,
210 633 307 718 quale
340 633 499 696 Asculum
522 639 591 696 erat
611 630 738 717 (Strabo
761 631 802 710 V,
824 631 870 717 4).
917 633 987 697 Hoc
1020 631 1105 695 enim
1137 629 1197 698 On.
1221 629 1319 695 Pom-

17 755 18 768 *
94 739 196 824 pejus,
230 756 429 819 quamquam
452 735 515 798 iam
537 759 564 802 a.
586 735 702 821 culleo
726 733 849 800 obsedit
871 735 958 810 (Liv.
981 737 1023 800 74
1044 733 1113 798 init.
1137 732 1268 818 Appian
1292 733 1320 812 1,

94 843 134 905 47
158 839 235 923 fia),
259 850 367 902 tamen
389 849 524 902 exeunte
546 839 676 902 dearum
699 861 725 904 a.
758 838 870 909 euolat
893 837 978 921 cepit
1011 847 1041 900 et
1075 835 1193 901 delevit
1215 834 1322 921 (Oros.

95 940 133 1019 V,
156 943 196 1006 18
220 941 273 1007 lin.
297 940 370 1004 Liv.
393 940 467 1024 epit.
491 942 555 1024 76).
579 939 687 1003 Prinro
710 941 795 1004 enirn
818 939 889 1005 belli
911 939 1215 1004 annosrustraillud
1229 937 1321 1002 obse-

95 1046 199 1120 derat,
224 1043 341 1106 deinde
353 1047 450 1106 altero
463 1064 545 1106 anno
557 1042 590 1106 S.
612 1041 636 1106 J
638 1041 702 1106 ulio
726 1041 856 1106 Caesari
879 1041 993 1128 legato,
1016 1042 1073 1126 qui
1096 1041 1208 1106 consul
1218 1047 1321 1106 luerat

95 1170 119 1213 a
142 1147 296 1232 663l911)
318 1143 529 1209 obsidendum
553 1145 682 1208 tradidit
705 1151 736 1208 et
758 1152 831 1228 post
842 1144 937 1208 huius
951 1157 1082 1210 mortem
1097 1144 1132 1212 C.
1146 1143 1265 1208 Baebio
1276 1148 1321 1208 le·

96 1261 167 1328 gato
190 1249 348 1334 (Appian.
372 1247 399 1325 1,
421 1249 463 1312 48
486 1247 552 1332 fin.)
576 1247 660 1312 Tum
682 1248 804 1332 pacatis
826 1247 965 1332 populis,
992 1247 1105 1331 quiin
1128 1245 1320 1330 medie‘belli

96 1353 167 1418 sede
179 1349 379 1423 habitabant,
402 1350 471 1434 ipse
485 1349 581 1416 ‘urbis
594 1349 680 1414 illius
693 1349 851 1414 obsidioni
863 1364 1014 1434 praeerat.
1027 1387 1068 1398 -
1090 1349 1151 1414 Sed
1173 1349 1207 1413 in
1218 1349 1321 1434 expli-

96 1455 204 1520 candis
213 1453 397 1535 fragmentis
409 1475 507 1536 supra
518 1451 621 1516 allatis
632 1453 727 1517 etiam
739 1453 878 1539 cogitare
889 1473 1062 1537 possumus
1073 1451 1113 1514 de
1121 1452 1322 1537 expeditione

98 1557 256 1634 Iudecilii‚
279 1555 336 1640 qni
358 1555 392 1619 in
413 1555 558 1640 Iapygia,
580 1566 670 1640 parte
693 1555 876 1634 Calabriae,
898 1557 992 1642 plura
1016 1553 1135 1639 oppida
1157 1555 1322 1621 obsidione

101 1661 208 1727 cinxit.
232 1658 389 1744 (Appian.
413 1657 439 1735 Ι,
462 1659 527 1733 42).
939 1732 941 1736 y

184 1762 343 1829 Venimus
367 1761 407 1824 ad
430 1760 618 1845 explicanda
641 1761 795 1826 nonnulla
817 1763 1005 1842 fragmenta,
1037 1783 1120 1845 quae
1152 1762 1193 1825 ad
1216 1761 1321 1825 dome·

103 1867 194 1930 eticae
217 1887 267 1928 res
289 1863 459 1948 pertinent.

687 2004 737 2067 37.

184 2105 265 2172 Nou.
289 2128 313 2168 s.
337 2127 366 2170 v.
388 2103 421 2166 in
444 2109 599 2187 populum
623 2127 651 2188 p.
677 2105 739 2170 130
761 2103 895 2168 Sisenna
920 2105 1126 2172 historiarum
1146 2105 1227 2171 libro
1252 2105 1325 2170 Ill:

101 2209 273 2274 Servulurn
297 2207 366 2271 eius
391 2207 532 2290 praemio
554 2205 708 2270 libertatis
730 2207 899 2271 inductum
924 2231 1039 2292 magno
1072 2232 1145 2274 cum
1182 2209 1325 2275 tumultu

103 2324 295 2378 conventum
319 2311 351 2372 in
376 2313 531 2394 populum
555 2311 709 2393 produxit
730 2323 895 2376 armatum.
917 2311 954 2374 P.
969 2314 1020 2378 43.

184 2415 261 2480 Sine
285 2412 385 2477 dubio
404 2417 479 2476 haec
501 2435 550 2476 res
572 2412 616 2476 ita
638 2413 849 2497 intellegenda
871 2425 934 2492 est,
967 2427 1005 2479 ut
1027 2417 1144 2480 crimen
1167 2416 1200 2479 in
1224 2415 1327 2480 domi-

105 2542 179 2583 nuru
203 2518 290 2582 illius
313 2516 396 2580 servi
419 2517 588 2592 deleratur,
621 2537 685 2598 quo
710 2517 889 2582 damnetur.
936 2517 1080 2583 Praemio
1114 2519 1198 2583 enim
1233 2517 1325 2582 liber·

102 2624 173 2686 tatis
196 2621 362 2706 proposito
384 2619 452 2681 fieri
476 2641 539 2682 non
563 2620 679 2702 potuit,
712 2621 791 2702 quin
822 2621 921 2698 servi,
954 2621 1010 2704 qui
1035 2621 1144 2685 multis
1166 2623 1199 2684 in
1222 2623 1326 2686 causis

106 2727 260 2790 delatores
284 2721 487 2797 timebuntur,
510 2722 656 2785 dominos
680 2745 753 2786 suos
776 2723 1057 2790 calumniarentur.

689 2863 737 2926 38.

188 2965 270 3030 Nou.
293 2985 316 3028 s.
341 2985 368 3027 v.
390 2961 560 3024 inmissum
594 2983 623 3046 p.
648 2967 708 3027 130
731 2975 762 3026 et
792 2987 815 3028 s.
840 2988 868 3028 v.
893 2965 1021 3029 vicatim
1055 2989 1086 3050 p.
1113 2969 1172 3032 188
1195 2965 1329 3031 Sisenna

103 3069 312 3136 historiarum
334 3064 417 3128 libro
443 3063 508 3129 III:
532 3063 617 3127 Cum
641 3065 820 3150 complures
843 3089 966 3133 menses
990 3068 1086 3132 barba
1122 3068 1266 3134 immissa
1297 3076 1330 3134 et

103 3175 228 3238 intonso
251 3168 381 3254 capillo,
411 3165 542 3246 lugubri
572 3167 707 3244 vestitu,
739 3169 896 3254 populum
919 3171 1048 3236 vicatim
1072 3171 1150 3237 flens
1168 3195 1234 3238 una
1254 3193 1328 3238 cum

103 3277 209 3342 liboris
233 3272 424 3337 circumiret.
447 3269 484 3333 P.
508 3272 558 3334 47.
668 3349 669 3352 ¹

690 3411 741 3477 39.

187 3513 272 3578 Non.
296 3535 320 3576 s.
343 3535 375 3582 v.
398 3510 518 3597 vulgus
541 3533 570 3596 p.
595 3517 656 3578 230
680 3509 815 3578 Sisenna
837 3513 1039 3580 historiarum
1063 3514 1144 3580 libro
1168 3515 1239 3582 111:
1263 3516 1330 3581 Im·

106 3618 245 3704 peritum
269 3615 408 3680 concitat
430 3613 577 3700 volgum.
600 3613 636 3681 P.
658 3617 708 3680 48.

189 3721 314 3806 Popma
355 3731 387 3784 et
427 3718 483 3800 qui
516 3739 590 3782 eum
626 3718 726 3782 secuti
763 3731 839 3786 sunt
872 3726 908 3786 lr.
943 3722 983 3786 38
1016 3729 1047 3786 et
1080 3725 1119 3786 39
1163 3723 1330 3790 continua·

106 3831 227 3891 verunt

192 3925 299 3992 Verba
321 3931 572 4012 fragmentorum
596 3944 695 4008 paene
716 3937 900 4011 congruunt
921 3949 996 3993 cum
1019 3928 1080 4006 eis,
1102 3949 1184 4012 quae
1206 3926 1331 3994 Marius

105 4031 216 4096 fecisse
239 4029 388 4107 traditur,
422 4049 496 4092 curn
520 4048 559 4092 ex
582 4025 693 4091 Africa
725 4029 758 4092 in
784 4029 926 4109 ltaliam,
959 4054 998 4097 ex
1030 4053 1095 4115 quo
1126 4055 1145 4096 a
1179 4030 1269 4096 Sulla
1301 4055 1329 4096 a.

107 4135 221 4221 666188
242 4138 356 4219 pulsus
379 4143 455 4210 erat,
478 4129 582 4196 Cinna
614 4141 741 4197 auctore
777 4133 963 4200 revertisset.
1020 4134 1105 4201 Cum
1135 4135 1219 4200 enirn
1242 4134 1330 4199 exitu

108 4275 312 4286 .......-—--..

196 4360 228 4444 1)
253 4363 307 4425 vid.
328 4347 428 4429 Kiene‚
450 4379 477 4432 p.
501 4353 574 4417 204.
