3132 4588
604 232 810 297 ..23-

88 447 110 487 a
136 420 282 488 Lucanis
305 417 553 504 comprehensus
577 415 673 480 unius
695 413 831 480 feminae
864 434 969 498 opera,
993 411 1032 476 ad
1057 433 1155 495 quam
1179 409 1320 474 deverte-

91 526 205 603 batur,
227 523 411 609 captivitate
435 531 603 606 exemptus
625 531 682 584 est.

184 625 247 692 Sed
270 625 417 691 dubitare
438 624 511 688 licet
533 623 572 686 de
594 627 652 686 hac
674 619 942 706 interpretatione.

184 831 266 898 Non.
300 856 324 896 s.
359 855 386 898 v.
409 829 558 894 imbrices
580 851 610 913 p.
636 727 865 892 ltilbisenna
896 825 1100 890 historiarum
1134 822 1216 888 libro
1248 821 1315 888 111:

96 936 273 1020 Dissipatis
295 934 466 999 imbricum
490 930 704 1013 fragminibus
728 929 876 994 antestis
901 928 1091 1014 tegularum.
1115 927 1151 992 P.
1177 932 1225 996 11.

184 1039 415 1123 Fragmentum
427 1037 466 1100 ad
480 1033 736 1120 expugnationes
746 1031 884 1107 urbium,
907 1053 1044 1114 quarum
1060 1030 1173 1096 Livius
1185 1043 1322 1096 exeunte

92 1141 179 1204 libro
203 1143 243 1206 72
268 1139 459 1202 mentionem
483 1137 568 1214 fecit,
604 1134 729 1200 facilins
758 1145 935 1209 revocatur,
967 1156 1063 1216 quarn
1086 1133 1228 1219 Popmae
1250 1157 1322 1198 sen-

93 1244 197 1308 tentia
220 1243 260 1308 ad
284 1242 411 1306 arrodem
436 1241 654 1304 Romanorum
677 1237 765 1302 illam
785 1236 897 1302 Asculi
910 1241 1035 1314 factam,
1058 1259 1150 1319 quae,
1172 1239 1323 1302 cumscr-

95 1359 181 1410 tnsse
222 1355 380 1410 autumno
413 1367 439 1408 a.
464 1345 576 1426 663121
612 1342 772 1417 acciderit,
802 1342 868 1404 sine
902 1338 1000 1404 dubio
1033 1341 1094 1403 iam
1125 1340 1322 1424 prius-nar·

96 1463 167 1520 ruta
190 1448 261 1512 fuit.

688 1550 738 1613 12.

185 1651 267 1720 Non.
289 1675 312 1716 s.
336 1675 364 1720 v.
388 1651 518 1715 nolitote
541 1673 571 1736 p.
593 1653 665 1717 480.
710 1650 843 1716 Sisenna
866 1647 1072 1712 historiarum
1095 1645 1150 1711 lib.
1163 1646 1234 1715 111:
1257 1646 1323 1711 No-

97 1757 188 1819 litote
212 1755 330 1824 mirari.
368 1775 466 1837 quam
503 1754 670 1838 ‹lesperata
703 1753 867 1818 voluntate
901 1751 941 1814 ad
973 1773 1070 1815 unam
1094 1749 1164 1820 belli
1188 1750 1322 1814 faciendi

97 1857 184 1920 riam
208 1907 215 1922 .
236 1907 244 1922 .
266 1908 273 1922 .
294 1907 302 1922 .
323 1855 358 1922 P.
383 1857 433 1919 10.

185 1957 292 2022 Verba
314 1959 377 2022 iam
402 1958 525 2042 Papum
548 1967 631 2023 recte
653 1958 811 2024 rettulisse
833 1957 912 2022 mihi
936 1956 1065 2020 ridetur
1077 1955 1117 2019 ad
1137 1955 1255 2036 legatos
1267 1964 1324 2022 aut

98 2061 196 2125 (luces
219 2060 402 2125 Italicorum
426 2061 661 2138 seditiosorum,
683 2061 740 2145 qui
763 2060 900 2145 populos
923 2059 1055 2136 vicinos,
1078 2079 1153 2124 eum
1178 2061 1320 2125 nondum

97 2186 116 2226 a
140 2162 294 2226 Romanis
317 2164 514 2233 defecissent,
536 2165 575 2228 ad
599 2186 687 2228 arma
709 2163 863 2248 capienda
885 2163 1144 2232 sollicitaverunt.
1174 2167 1212 2229 cl.
1234 2162 1322 2227 Flori

97 2265 152 2332 lib.
180 2265 216 2329 11
239 2285 307 2350 cap.
331 2268 361 2344 6,
383 2267 439 2351 qui
463 2267 694 2352 Pompaedium
718 2289 787 2332 eam
810 2264 850 2329 ob
874 2286 1001 2331 cansam
1022 2266 1131 2332 ltaliae
1154 2267 1323 2334 urbssdis-

99 2368 238 2432 currisse
261 2381 378 2434 narrat.

682 2474 730 2540 13.

187 2573 268 2642 Non.
291 2599 314 2641 s.
327 2599 355 2642 v.
370 2575 524 2660 manipuli
538 2598 567 2660 p.
581 2577 650 2641 556.
673 2574 808 2640 Sisenna
818 2573 1020 2640 historiarum
1043 2575 1094 2643 lib.
1108 2577 1174 2644 111:
1197 2575 1223 2664 †
1240 2576 1326 2642 Con-

100 2697 212 2743 mutus
235 2687 342 2742 tamen
365 2691 394 2742 et
406 2686 550 2762 tempora
571 2677 695 2762 singula
718 2678 884 2742 constituit
905 2689 946 2756 et,
968 2678 1200 2756 sicutsteterat,
1223 2681 1324 2744 mani·
1414 2664 1417 2670 ¹

101 2783 197 2866 pulos
220 2781 344 2845 obverti
367 2782 470 2845 iussit.
494 2781 530 2848 P.
554 2782 604 2848 20.

186 2884 349 2969 Corrupta
370 2890 444 2948 haec
469 2883 574 2959 verba,
597 2884 709 2947 sicum
725 2881 837 2947 Petere
851 2883 895 2968 (p.
912 2885 972 2952 281
997 2885 1085 2966 ann.)
1099 2885 1324 2950 constituimus

100 2988 159 3052 ita:
179 2987 315 3050 ‘Coactus
337 3002 425 3049 tomen
448 3011 482 3047 ee·
503 3000 619 3066 tempore
640 2993 719 3064 siqua
741 2993 888 3055 constituit,
909 2995 1014 3048 etaient
1036 3001 1175 3056 statuant,
1198 2994 1325 3066 manipu-

97 3095 138 3150 los
159 3095 261 3152 obverti
273 3096 368 3168 jaseit'
390 3090 430 3154 ad
456 3112 596 3174 pugnam
619 3090 760 3154 revocari
784 3101 929 3174 possunt,
961 3113 1026 3174 qua
1056 3090 1116 3156 Cn.
1151 3090 1325 3176 Pompeius

98 3191 224 3270 Strabo,
249 3192 393 3277 Pompeii
417 3191 526 3272 Magni
549 3203 648 3277 pater,
670 3191 757 3276 apud
782 3193 940 3257 Asculum
974 3194 1078 3258 victus
1111 3193 1143 3256 in
1167 3192 1325 3270 Firmum,

98 3294 265 3360 castellum
288 3317 388 3380 prope
410 3316 496 3359 mare
519 3295 722 3359 Adriaticum
745 3295 845 3359 situm
868 3301 1040 3382 confugere
1051 3309 1180 3359 coactus
1203 3307 1262 3368 est,
1285 3295 1322 3359 Id

92 3397 184 3472 ,enim
207 3398 359 3482 temporis
381 3397 513 3462 indicari
539 3396 644 3462 verbis
666 3398 803 3473 videtur,
826 3417 900 3460 cum
923 3405 981 3461 aut
1002 3397 1055 3462 ille
1072 3399 1141 3482 ipse
1162 3405 1220 3462 aut
1241 3397 1326 3477 lega·

98 3507 153 3564 tus
175 3500 275 3565 aciem
298 3500 461 3578 instruxit,
494 3521 690 3584 quamquam
726 3499 911 3568 Iudacilius,
941 3497 1035 3564 Titus
1074 3499 1254 3578 Laberius,
1290 3499 1324 3564 P.

102 3603 231 3668 Vettius
254 3602 454 3690 (Ventidius)
477 3605 576 3668 effuse
609 3605 641 3667 in
679 3626 751 3668 eum
786 3625 819 3668 se
847 3603 1047 3668 invexerunt.
1072 3601 1322 3666 -Notandum

101 3707 160 3770 hoc
182 3712 251 3770 loco
274 3714 321 3770 est
342 3743 385 3753 —
408 3705 433 3769 si
457 3706 640 3770 coniectura
662 3718 768 3771 nostra
780 3705 986 3791 probatur—
1011 3706 1198 3791 Appianum
1217 3705 1325 3789 (l‚47)

100 3822 131 3873 et
153 3807 235 3874 falso
261 3809 422 3891 Φάλερνον
443 3808 530 3892 ὄρος,
554 3810 593 3872 ad
617 3810 703 3892 quod
732 3831 843 3894 pugna
866 3821 949 3873 esset
971 3813 1062 3884 factu,
1097 3830 1154 3892 pro
1174 3806 1324 3872 ‘Asculo’

98 3911 263 3996 scripsisse
285 3922 316 3976 et
338 3911 431 3996 plane
454 3912 616 3976 diversum
651 3934 757 3976 rernm
788 3912 930 3976 ordinem
964 3909 1114 3996 praebere
1143 3909 1184 3974 ab
1217 3908 1324 3975 Orosii

99 4013 155 4095 (V,
180 4016 236 4096 18)
260 4014 449 4090 narratione,
471 4013 528 4096 qui
552 4013 634 4078 hanc
655 4037 800 4099 pugnam
823 4029 896 4080 ante
918 4037 1028 4078 omnes
1051 4011 1196 4079 resbello
1218 4011 1325 4076 sociali

99 4129 205 4201 gestas
229 4116 345 4201 posuit.
388 4117 542 4201 Apparet,
565 4115 718 4181 Orosium
741 4117 913 4182 resordine
936 4139 994 4181 suo
1015 4128 1098 4181 recte
1111 4115 1323 4200 descripsisse.

102 4219 281 4285 Verisimile
304 4219 387 4283 enirn
412 4226 469 4296 est,
492 4217 653 4282 Romanos
683 4219 838 4284 seditione
868 4217 979 4284 Asculi
1012 4218 1120 4284 Piceni
1154 4225 1262 4282 exorta
1284 4218 1325 4282 ad

101 4325 183 4392 banc
206 4321 318 4398 urbem
342 4321 549 4404 obsidendum
572 4322 664 4386 initio
687 4345 713 4390 a.
736 4323 850 4410 664190
882 4323 1057 4388 exercitum
1093 4322 1233 4408 primum
1268 4321 1324 4388 mi·
