3132 4588
785 274 979 342 ..35-

279 471 336 528 ast.
382 465 518 528 Constat
536 465 622 528 enim
646 464 806 528 Romanos
829 466 930 532 tribus
953 463 1151 539 novissimas,
1173 461 1320 527 Velinam
1342 461 1527 542 611161τὶ-

281 590 365 646 nam,
389 591 415 633 a.
438 569 571 652 513s241
595 579 667 652 post
689 568 854 631 victoriam
877 568 916 633 ad
931 568 1068 645 Aegates
1091 566 1212 630 insulas
1231 572 1425 651 reportatam
1456 586 1526 628 ce-

279 670 355 733 teris
377 670 528 736 adiecisse
550 671 582 733 in
605 671 723 754 eisque,
745 693 827 754 quaa
849 678 918 735 tum
942 669 1116 746 exstabant,
1151 668 1279 732 omnino
1300 667 1523 752 acquievisse

280 771 368 854 (Liv.
389 773 462 856 epit.
483 773 536 841 lib.
560 775 622 858 19).

364 875 508 952 Accedit,
531 877 618 960 quod
641 899 679 941 ne
700 876 752 941 lex
774 877 904 960 quidem
926 877 1011 940 Iulia
1033 896 1176 958 unquam
1200 885 1266 938 tota
1287 874 1428 939 exercita
1443 885 1521 951 est,

281 997 356 1040 cum
380 978 494 1042 bellum
519 980 634 1044 sociale
656 979 775 1045 bellum
799 980 891 1044 civile
913 979 1053 1064 primum
1076 977 1256 1042 insecutum
1279 986 1372 1054 esset,
1394 999 1521 1059 neque

183 1088 190 1096 ’
279 1080 450 1164 populares
471 1081 511 1146 ab
528 1083 619 1146 initio
642 1083 674 1146 id
698 1105 825 1167 operam
849 1081 923 1146 dare
945 1081 1135 1156 omisissent,
1157 1087 1195 1142 ut
1217 1076 1321 1142 Italici
1344 1077 1519 1143 Romanis

279 1183 403 1249 civibus
425 1206 516 1270 pares
538 1185 648 1248 fierent
668 1185 702 1248 id
723 1197 779 1262 est,
803 1195 838 1248 ut
861 1185 935 1249 novi
957 1185 1041 1248 cives
1063 1184 1097 1246 in
1120 1203 1228 1245 omnes
1254 1187 1292 1246 31
1316 1180 1422 1245 tribus
1446 1205 1518 1247 ru-

281 1285 376 1350 sticas
399 1287 666 1352 distribuerentur
676 1289 713 1373 ¹).

364 1388 474 1453 Talem
507 1391 591 1454 enim
625 1389 773 1474 Sulpicii,
805 1389 925 1455 tribuni
960 1387 1063 1474 plebis
1096 1409 1123 1451 a.
1152 1387 1266 1470 666188
1301 1386 1515 1470 rogationem

282 1492 385 1576 (App.
409 1491 436 1570 l,
459 1494 514 1576 55)
538 1493 596 1558 etsi
616 1499 756 1578 populus
778 1493 934 1576 probavit,
958 1490 1049 1556 Sulla
1071 1489 1177 1553 statim
1201 1487 1341 1553 sustulit.
1386 1485 1515 1572 Neque

280 1594 370 1678 prius
393 1594 495 1658 Italici
518 1595 550 1658 id
573 1595 660 1677 quod
683 1591 886 1679 postulabant
918 1593 1079 1658 consecuti
1102 1602 1193 1667 sunt,
1227 1613 1326 1674 quam
1363 1597 1514 1676 popula·

281 1717 331 1760 res
354 1695 460 1760 Cinna
482 1696 564 1761 duce
585 1719 668 1760 anno
690 1708 817 1780 postero
840 1708 949 1759 contra
971 1695 1139 1779 optimates
1173 1693 1349 1777 superiores
1383 1693 1514 1758 disces-

279 1810 392 1864 serant.
437 1798 519 1863 Nam
541 1808 711 1883 postquam
746 1825 772 1866 a.
795 1801 907 1884 tissbjssss
940 1799 978 1862 L.
1002 1797 1173 1881 Philippus
1208 1803 1240 1860 et
1262 1795 1308 1863 M.
1333 1795 1514 1880 Perpenna

282 1923 425 1966 censores
448 1903 543 1966 creati
567 1919 652 1980 sunt,
674 1903 742 1967 fieri
784 1903 899 1987 potuit,
922 1913 958 1964 ut
980 1911 1051 1984 post
1085 1901 1165 1962 duos
1199 1911 1314 1962 annos·
1332 1921 1358 1961 a
1382 1899 1513 1985 670)84

283 2005 356 2068 novi
380 2004 465 2068 cives
487 2005 616 2088 ascripti
639 2005 828 2084 suffragium
852 2005 1032 2088 acciperent
1053 2001 1142 2084 (Liv.
1165 2021 1213 2084 ep.
1236 1997 1293 2068 lib.
1316 2001 1383 2084 84).

368 2104 430 2170 Sed
454 2110 529 2170 haec
551 2107 704 2170 hactenus
728 2106 768 2170 de
790 2107 893 2191 priore
915 2105 1078 2185 rogatione
1100 2102 1176 2182 legis
1200 2102 1404 2186 Calpurniae.

366 2205 461 2272 Nunc
492 2209 637 2273 dicamus
667 2211 706 2273 de
729 2209 835 2286 altera,
858 2229 939 2290 quae
972 2207 1101 2290 quidem
1136 2203 1272 2269 ducibus
1308 2214 1508 2288 potestatem

279 2309 394 2374 milites
416 2309 544 2376 civitate
567 2312 706 2376 donandi
728 2312 925 2377 concesserit.
970 2311 1081 2393 Atque
1104 2314 1178 2371 haec
1211 2319 1350 2391 potestas
1373 2307 1509 2372 infinita

281 2413 379 2478 fuisse
400 2413 446 2478 ita
469 2415 615 2498 videtur,
638 2426 675 2479 ut
698 2415 834 2480 maxime
856 2416 895 2478 ad
920 2413 1135 2494 Romanorum
1158 2409 1297 2488 auxilia,
1329 2432 1413 2495 quae
1434 2411 1508 2474 vir·

282 2524 351 2582 tute
372 2519 612 2602 praestitissent,
647 2519 761 2583 deinde
783 2519 822 2581 ad
848 2539 900 2581 eos
923 2515 1100 2600 praeclaros
1123 2513 1225 2581 viros,
1258 2514 1314 2596 qui
1347 2512 1382 2576 in
1415 2512 1507 2577 bello

282 2619 389 2684 sociali
415 2621 454 2686 de
476 2620 641 2706 republica
663 2620 807 2684 Romana
828 2621 935 2704 aliqua
957 2619 1079 2683 ratione
1110 2615 1214 2680 meriti
1247 2623 1366 2692 essent,
1400 2614 1505 2699 perti-

286 2733 381 2789 neret.
426 2721 472 2787 Ut
495 2723 640 2808 exempla
662 2744 765 2808 pauca
787 2723 926 2800 afferam,
960 2721 1020 2787 Cn.
1044 2718 1217 2802 Pompeius
1240 2717 1354 2782 Strabo
1386 2717 1504 2782 cobor-

284 2836 330 2890 tes
353 2825 433 2890 duas
450 2827 646 2892 Camertium
657 2829 697 2911 ²),
719 2847 857 2908 quorum
881 2825 957 2889 urbs
979 2843 1078 2909 prope
1101 2820 1327 2885 finesPicenos
1350 2821 1411 2884 sita
1422 2833 1503 2898 emt,

279 2925 439 3010 simulque
474 2927 508 2996 P.
532 2928 681 2994 Caesium
714 2928 930 3009 Ravennatem
964 2927 1090 2990 civitate
1123 2923 1256 2988 donavit
1288 2923 1341 3009 (oi.
1365 2923 1433 2988 Cic.
1468 2946 1504 3008 p.

280 3029 375 3095 Corn.
400 3030 501 3097 Balbo
524 3053 549 3096 c.
573 3035 624 3111 22,
647 3034 709 3105 60).
753 3029 866 3114 Neque
888 3028 1097 3115 improbabile
1122 3049 1200 3105 esse,
1222 3026 1316 3091 etiam
1340 3025 1500 3092 Tudertes

280 3131 441 3198 civitatem
463 3133 534 3220 lege
557 3133 734 3219 Calpurnia
756 3133 925 3218 accepisse,
947 3131 1029 3195 infra
1050 3129 1231 3196 videbimus
1254 3131 1305 3213 (fr.
1327 3131 1393 3214 62).
1436 3128 1503 3193 Ar-

280 3255 343 3318 que
363 3240 439 3301 haec
461 3236 512 3301 lex
534 3235 618 3301 idem
641 3234 845 3322 plebiscitum
857 3235 957 3300 fuisse
979 3234 1115 3310 videtur,
1137 3254 1202 3317 quc
1214 3231 1371 3296 Minatius
1382 3230 1502 3315 Magus

279 3335 511 3402 Aeculanensis
532 3337 594 3414 ille,
617 3337 673 3420 qui
695 3336 823 3422 legione
846 3337 1057 3421 Hirpinorum
1080 3334 1260 3420 conscripta
1281 3334 1379 3398 altaro
1412 3357 1500 3399 anuo

280 3437 351 3503 belli
384 3438 536 3504 Romanis
568 3439 686 3504 auxilio
720 3439 859 3505 venisset
880 3439 1009 3523 (Vellei.
1034 3439 1081 3516 11,
1113 3439 1176 3522 16),
1201 3437 1330 3501 civitate
1363 3437 1503 3502 donatus

279 3541 371 3604 entss.
417 3541 583 3626 Denique,
617 3565 655 3606 ne
688 3542 871 3627 exemplum
907 3539 1176 3626 aposterioribus
1200 3537 1396 3626 temporibus
1419 3539 1502 3624 peti-

277 3647 479 3658 -—--—.

366 3679 397 3761 1)
421 3687 456 3746 cf.
478 3687 506 3748 J.
533 3687 645 3753 Balach,
668 3687 724 3740 Der
746 3686 803 3746 ital.
816 3685 1079 3740 Runduntchoms
1102 3684 1293 3756 Hegemonia.
1315 3679 1501 3756 Leipz.1880

278 3789 304 3842 p.
328 3766 407 3847 36l7.
458 3769 492 3851 2)
523 3775 693 3844 Quamquam
715 3790 774 3826 eam
797 3770 879 3826 etiam
902 3771 964 3843 lage
986 3769 1058 3827 Iulia
1079 3771 1145 3826 dare
1167 3770 1266 3841 potuit,
1289 3779 1319 3824 ut
1347 3777 1444 3840 putare
1467 3768 1500 3823 li·

277 3865 348 3926 ceat,
372 3858 509 3913 Camertes
532 3867 577 3912 aut
600 3856 681 3910 armis
704 3866 798 3911 contra
820 3857 960 3910 Romanos
979 3857 1059 3910 nrotis
1080 3855 1130 3910 illa
1152 3856 1191 3909 uti
1214 3873 1268 3910 non
1302 3851 1421 3926 potuisse
1444 3865 1501 3927 aut,

278 3952 308 3997 ut
330 3941 396 3996 alias
428 3946 505 3998 urbes
520 3939 571 4019 (cf.
593 3961 643 4014 pro
664 3943 750 3997 Balbo
772 3945 786 4010 ᾖ
810 3936 875 4018 21),
899 3943 992 3996 foedus
1017 3959 1078 3996 cum
1097 3941 1208 3996 civitate
1231 3941 1350 3995 nondum
1372 3949 1498 3995 mutasse.

276 4023 346 4106 (vid.
370 4045 420 4099 pro
443 4029 519 4085 Balb.
543 4031 557 4097 6
580 4025 645 4098 46.)
689 4029 724 4084 cf.
748 4027 845 4094 111666,
870 4045 896 4096 p.
921 4025 991 4085 228,
1015 4057 1054 4068 -
1079 4027 1136 4084 NB.
1159 4025 1222 4081 Iam
1246 4025 1359 4081 Mariua
1391 4025 1500 4081 166616

285 4111 447 4168 Vercellensr'
468 4113 538 4168 mille
565 4111 721 4168 Camerinos
742 4112 846 4167 civitate
868 4111 984 4167 donatae
1000 4112 1093 4184 fertur
1117 4109 1204 4189 (Plut,
1227 4110 1365 4182 Apophtb.
1376 4109 1457 4164 Marii
1470 4109 1498 4168 5.

279 4199 348 4252 Mar.
373 4195 423 4255 28.
468 4200 528 4260 Vel,
551 4201 624 4258 Max.
651 4199 685 4260 V,
708 4195 737 4256 2.
760 4193 806 4276 8),
829 4213 881 4270 quo
902 4205 1017 4270 tempore
1038 4195 1167 4254 1666666
1204 4195 1358 4268 Calpurnio
1380 4195 1499 4250 nondum

273 4281 431 4341 latuerat.
476 4282 507 4358 3)
530 4285 605 4340 Haec
626 4291 669 4339 cst
690 4283 722 4342 L.
744 4281 843 4354 Langii
863 4282 1009 4341 sententia.
1062 4282 1117 4340 vid.
1150 4280 1207 4338 eius
1237 4281 1330 4356 Antiq.
1362 4279 1440 4342 Rom.
1462 4273 1498 4338 ll

276 4387 303 4443 p.
327 4367 399 4441 686,
422 4362 474 4430 III
495 4389 521 4444 p.
545 4365 616 4432 110.
