3132 4588
735 167 939 230 ..53-

227 351 266 414 ad
292 351 437 415 Firmum
461 367 547 436 gesta
570 354 666 417 locuti
685 355 794 430 simus,
818 354 958 417 vidimus
982 355 1034 433 (cs.
1059 359 1094 422 fr.
1119 354 1186 439 34.)
1216 354 1279 418 Sed
1293 359 1456 433 fragmen-

227 470 295 518 tum
331 469 459 538 propter
490 457 562 519 libri
587 480 777 531 numerum,
811 456 866 538 qui
890 458 916 519 ei
941 469 988 520 cst
1010 457 1156 532 additus,
1190 457 1228 519 ad
1263 457 1325 520 alia
1347 475 1455 520 castra

224 559 441 642 oppugnanda
455 561 606 642 pertinet:
630 559 742 624 Cicero
766 560 818 643 (de
842 560 940 622 divin.
963 561 989 634 I,
1013 560 1068 643 33)
1080 561 1105 642 1)
1129 571 1160 622 et
1185 558 1331 622 Valerius
1344 557 1456 621 Maxi·

229 683 301 723 mus
326 660 368 744 (l,
393 663 410 725 6
435 661 453 746 ξ
476 663 510 746 4)
534 661 657 725 Sullam
682 685 799 746 magna
813 661 1005 725 Samnitium
1024 674 1125 724 castra
1147 674 1220 725 ante
1234 660 1455 748 Nolamoppi-

224 765 302 827 dum
325 786 526 848 expugnasse
539 779 677 842 narrant,
698 765 871 848 eademque
896 766 1010 828 Livius
1023 765 1085 852 (ep.
1109 767 1175 850 75),
1197 765 1257 828 nisi
1273 766 1360 849 quod
1376 765 1455 829 bina

227 867 355 930 illorum
379 875 481 930 castra
503 871 773 942 commemoravit,
797 870 913 932 dixisse
926 869 1062 932 videtur.
1107 867 1232 931 Deinde
1244 880 1347 931 castra
1362 867 1455 930 Mar·

230 993 358 1045 sorum,
391 971 424 1032 in
457 971 574 1052 quibus
609 972 833 1056 oppugnandis
866 973 903 1035 1..
928 971 1061 1034 Porcius
1086 970 1167 1034 Cato
1200 976 1312 1034 consul
1335 969 1454 1034 cecidit

223 1071 422 1156 (Licinio),
439 1071 580 1156 itemque
602 1097 647 1149 ea,
670 1075 703 1137 in
726 1073 844 1156 quibus
868 1073 1051 1138 obsidendis
1076 1073 1115 1137 A.
1135 1071 1295 1136 Gabinius
1323 1071 1453 1156 legatus

225 1175 349 1239 occisus
372 1182 420 1238 est
443 1175 529 1257 (Liv.
552 1177 625 1260 cpit.
649 1181 698 1241 76.
722 1176 813 1243 Oros.
839 1175 877 1252 V,
903 1177 966 1260 18),
988 1175 1129 1259 intellegi
1152 1186 1297 1260 possunt.

314 1278 340 1362 ¹)
359 1280 397 1344 cf.
420 1277 513 1341 Peter
543 1301 572 1362 p.
598 1281 657 1342 199
682 1281 718 1344 fr.
743 1282 761 1343 9
785 1287 817 1342 et
840 1281 880 1344 19
903 1289 933 1342 et
955 1301 1028 1341 ann.
1051 1279 1091 1342 ad
1115 1285 1150 1342 fr.
1174 1286 1204 1356 9,
1238 1279 1352 1342 deiude
1385 1277 1452 1342 vid.

226 1379 320 1444 etiarn
346 1379 520 1461 Augustin.
550 1382 590 1445 de
612 1381 672 1444 civ.
696 1383 746 1446 dei
769 1381 815 1459 11,
838 1383 889 1446 24.

805 1487 873 1550 118.

312 1583 392 1652 Non.
416 1611 440 1654 s.
464 1609 494 1659 v.
528 1587 700 1652 testinatim
725 1610 754 1672 p.
778 1589 840 1652 514
874 1587 1006 1652 Sisenna
1042 1587 1151 1654 histor.
1184 1587 1236 1654 lib.
1260 1585 1320 1652 IV:
1354 1586 1452 1652 Prae·

226 1698 275 1750 tor
297 1689 471 1754 festinatius
506 1689 545 1754 de
577 1690 713 1754 castellis
747 1691 785 1753 ad
822 1706 921 1755 castra
960 1691 1099 1754 maxima
1138 1690 1254 1774 peditis
1287 1689 1451 1760 conducit.

228 1788 263 1852 Ρ.
287 1793 336 1857 65.

313 1891 458 1958 Dubium
482 1907 539 1971 est,
564 1907 674 1958 utrum
702 1895 752 1959 hic
776 1907 902 1980 praetor
924 1919 982 1981 pro
1006 1895 1235 1973 Romanorum,
1257 1918 1298 1958 au
1317 1894 1452 1979 prolta-

221 1994 355 2060 licorum
379 1997 460 2060 duce
483 1996 650 2062 habendus
678 1997 728 2060 sit.
774 1998 936 2064 Pertinere
959 1999 1065 2063 nescio
1087 2021 1128 2061 an
1148 1999 1270 2082 possint
1293 1996 1388 2060 verba
1409 2000 1450 2061 ad

223 2119 289 2162 rem
312 2119 412 2182 prope
434 2101 593 2164 Asculum
614 2106 739 2163 factam.
784 2101 872 2165 Haec
907 2102 992 2166 cniru
1022 2102 1092 2186 ipsa
1116 2101 1192 2165 urbs
1217 2101 1338 2164 munita
1382 2115 1451 2164 erat

223 2221 325 2284 neque
347 2200 521 2284 proculab
543 2224 579 2266 ea
601 2201 634 2264 in
657 2225 711 2266 ora
737 2203 831 2267 maris
855 2204 1011 2268 Adriatici
1036 2203 1165 2268 castella
1194 2203 1343 2288 deinceps
1372 2205 1449 2271 situ:

224 2301 376 2367 Castrum
399 2303 556 2382 Firmum,
581 2305 731 2370 Castrum
756 2305 933 2370 'fruentum
964 2313 1014 2370 vel
1046 2306 1270 2384 Truentinum,
1294 2307 1445 2372 Castrum

227 2403 368 2477 Novum,
391 2409 431 2470 cf.
456 2408 550 2472 etiam
573 2431 618 2486 ea,
638 2430 719 2491 quae
742 2409 780 2472 ad
803 2415 840 2476 fr.
861 2411 920 2474 101
945 2410 1026 2494 expl.
1048 2411 1151 2475 attuli.

305 2505 306 2508 ¹
803 2515 870 2578 119.

310 2609 392 2678 Non.
426 2637 448 2680 s.
478 2637 506 2679 v.
539 2635 630 2678 secus
652 2637 683 2699 p.
706 2617 776 2681 222.
809 2614 942 2680 Sisenna
975 2616 1044 2682 hist.
1078 2615 1159 2680 libro
1195 2615 1260 2682 lV:
1293 2615 1378 2679 Tum
1415 2617 1447 2680 in

226 2739 318 2782 muro
341 2714 432 2781 virile
453 2739 490 2780 ac
512 2716 666 2782 muliebre
690 2739 780 2782 secus
803 2718 913 2802 populi
936 2719 1142 2784 multitudine
1165 2720 1252 2784 omui
1285 2724 1448 2785 collocata.

224 2819 260 2886 P.
282 2819 333 2886 80.

310 2921 416 2988 Verba
438 2922 477 2985 ad
495 2922 682 2987 trudendam
707 2922 817 2987 urbem
842 2938 984 3008 spectare
1006 2893 1165 2990 ridentur.

310 3127 390 3194 Non.
413 3152 434 3194 s.
458 3152 489 3198 v.
513 3129 735 3212 cataphractus
756 3153 786 3213 p.
795 3031 866 3196 dili
889 3131 1024 3196 Sisenna
1047 3129 1167 3202 histor,l
1180 3128 1307 3195 lib.th
1331 3130 1448 3194 Custo-

225 3233 295 3298 diae
316 3234 349 3296 in
373 3255 465 3297 muro
491 3239 680 3296 statuuntur
704 3235 991 3335 cataphractorum.
1016 3234 1051 3300 P.
1074 3235 1123 3299 81.

805 3339 820 3399 1
867 3389 873 3402 .

309 3437 390 3502 Non.
426 3462 448 3502 s.
482 3461 510 3504 v.
546 3437 644 3502 falces
678 3461 708 3522 p.
744 3343 984 3504 nnumsisenna
1016 3438 1125 3502 histor.
1159 3437 1211 3503 lib.
1234 3435 1300 3502 IV:
1338 3437 1447 3502 Faloes

223 3541 355 3605 iniectas
377 3542 611 3618 comminuunt,
642 3546 766 3625 pluteos
789 3541 920 3626 propius
944 3541 1103 3605 collocatis
1126 3539 1277 3626 harpagio
1300 3541 1447 3608 deiciunt

225 3645 261 3710 P.
286 3647 335 3713 82.

808 3751 877 3816 122.

312 3850 394 3918 Non.
416 3875 439 3914 s.
454 3874 482 3914 v.
517 3851 707 3916 contendere
729 3874 760 3938 p.
785 3855 856 3918 258.
880 3849 1011 3916 Sisenna
1034 3849 1107 3914 hist.
1131 3849 1184 3916 lib.
1218 3849 1279 3918 IV:
1300 3849 1445 3916 Simulat

226 3967 381 4020 tormenta
404 3954 652 4021 contenduntur.
674 3953 712 4018 P.
736 3956 784 4022 99.

804 4059 820 4120 1
846 4059 874 4124 3.

312 4159 392 4226 Non.
416 4186 440 4230 s.
465 4185 495 4230 v.
519 4160 698 4249 periculum
721 4182 753 4247 p.
777 4065 847 4227 369.
881 4157 1016 4226 Sisenna
1039 4157 1109 4226 hist.
1140 4157 1194 4222 lib.
1218 4157 1284 4225 lv:
1316 4157 1445 4225 Pericli·
