3132 4588
341 519 422 586 Non.
447 544 469 588 s.
492 545 521 585 v.
544 501 620 586 illex
643 545 674 606 p.
700 523 748 586 10.
792 523 926 589 Sisenna
942 523 1015 586 hist.
1032 522 1113 587 libro
1135 522 1198 591 IV:
1231 524 1351 602 Armis,
1376 525 1489 608 equis,

151 646 153 650 ·
255 623 485 689 commeatibus
509 647 567 688 nos
589 626 689 708 magis
712 625 862 690 iuverunt
884 625 1026 712 exleges:
1050 633 1083 690 et
1105 627 1211 691 minus
1224 627 1344 690 honore
1365 628 1490 706 dignos

258 728 434 812 putabitis?
478 728 515 792 P.
540 730 609 794 113.

341 831 431 896 llaec
452 829 549 895 verba
570 831 649 914 quin
672 830 712 894 ad
735 831 892 896 orationes
915 832 948 896 in
972 841 1083 896 senatu
1108 833 1159 896 vel
1182 832 1214 896 in
1247 835 1394 898 contione
1417 834 1490 897 alia

254 933 598 1016 habitaseorum,qui
622 933 811 998 decivitate
845 934 938 998 sociis
969 935 1074 998 danda
1108 933 1293 1014 deliberent,
1316 937 1488 1000 referenda

254 1035 328 1112 sint,
350 1035 489 1100 dubitari
512 1035 567 1098 vix
589 1042 701 1119 potest.
751 1035 791 1098 In
825 1048 992 1119 utramque
1026 1049 1134 1102 autem
1167 1049 1288 1122 portem
1313 1039 1417 1104 nescio
1440 1063 1489 1102 an

255 1140 411 1204 dieantur.
444 1139 554 1222 Atque
576 1139 675 1203 altero
698 1139 828 1222 quidem
851 1145 1028 1226 fragmento
1052 1153 1179 1206 senator
1189 1155 1317 1226 gentem
1340 1142 1490 1225 aliquam

254 1245 366 1307 foedus
388 1268 406 1306 a
430 1243 600 1308 maioribus
624 1244 692 1307 eius
716 1265 789 1307 curn
824 1243 977 1308 Romanis
1010 1245 1111 1308 ictum
1141 1244 1272 1328 fregisse
1307 1257 1422 1320 monet,
1447 1259 1490 1309 ut

256 1347 383 1410 civitate
408 1347 507 1431 digna
529 1367 596 1414 esse
618 1368 682 1410 non
708 1347 868 1423 videatur,
889 1347 987 1410 altero
1010 1363 1113 1410 orator
1136 1347 1217 1410 alius
1240 1359 1369 1432 gentem
1392 1349 1488 1426 dicit,

254 1471 347 1532 quae,
369 1471 444 1514 cum
467 1448 587 1534 populo
610 1447 754 1512 Romano
777 1449 919 1514 subsidio
942 1450 1059 1528 tulerit,
1094 1450 1222 1514 civitate
1257 1451 1297 1514 sit
1324 1450 1488 1512 donanda.

254 1554 304 1617 Ita
325 1552 409 1616 enim
430 1551 481 1615 hic
502 1559 607 1614 orator
630 1552 784 1616 rationem
806 1551 953 1616 habuisse
976 1553 1104 1618 videtur
1116 1553 1286 1628 sociorum,
1308 1553 1364 1634 qui
1376 1553 1487 1634 questi

254 1665 368 1730 esseut,
390 1653 488 1736 quod,
510 1674 706 1736 quamquam
719 1653 801 1718 bello
814 1665 923 1718 exorto
947 1655 1066 1738 duplici
1081 1678 1215 1718 numero
1228 1654 1366 1718 militum
1389 1656 1485 1737 equi-

254 1769 388 1840 tumque
410 1756 511 1820 sunoti
534 1763 647 1832 esseut,
670 1771 775 1820 tamen
798 1759 830 1820 in
854 1757 921 1820 eius
945 1758 1083 1822 civitatis
1106 1759 1157 1822 ius
1177 1780 1240 1820 non
1252 1757 1483 1842 reciperentur,

254 1884 337 1944 quae
358 1862 502 1945 ipsorum
525 1858 641 1944 opibus
663 1861 703 1924 ad
726 1868 848 1923 tautam
882 1861 1058 1944 potentiam
1093 1861 1295 1944 pervenisset.
1339 1861 1378 1922 cs.
1404 1858 1483 1922 Vel-

254 1964 301 2030 lei.
319 1963 365 2040 11,
390 1966 428 2028 15
452 1963 519 2026 init.
564 1962 698 2048 Eutrop.
722 1963 761 2040 V,
785 1966 804 2027 3
828 1964 877 2046 (2)
906 1965 933 2026 1.

834 2069 883 2130 73.

338 2167 420 2232 Non.
443 2191 467 2232 s.
490 2191 519 2232 v.
542 2169 636 2232 cistas
659 2192 688 2253 p.
712 2174 762 2235 91.
808 2167 943 2232 Sisenna
973 2167 1122 2232 historiae
1157 2168 1237 2234 libro
1262 2166 1328 2232 IV:
1354 2166 1478 2230 Cistae-

255 2295 328 2358 que‚
373 2295 455 2356 quoe
489 2280 578 2336 eraut
615 2271 721 2356 legum
766 2272 965 2336 ferendorum
997 2272 1100 2356 gratia
1123 2273 1254 2356 positae,
1286 2271 1477 2336 deiecerant.

255 2378 291 2444 P.
318 2379 410 2458 1184

835 2480 885 2542 74.

338 2581 418 2646 Non.
442 2607 464 2646 s.
489 2607 518 2648 v.
542 2583 702 2648 silentium
726 2605 759 2666 p.
782 2583 855 2644 449.
900 2581 1036 2646 Sisenna
1067 2580 1174 2646 histor.
1207 2579 1259 2645 lib.
1283 2579 1352 2644 IV:
1375 2579 1482 2642 Silen-

257 2685 338 2749 tium
361 2686 470 2752 oritur.
514 2685 549 2751 P.
574 2686 645 2748 121.

339 2787 443 2852 Verba
466 2794 501 2851 fr.
528 2793 566 2852 73
590 2787 629 2850 de
652 2790 697 2851 eis
720 2788 882 2863 dicuutur,
905 2787 961 2868 qui
987 2787 1027 2862 vi,
1050 2787 1223 2868 quominus
1238 2783 1381 2860 suffragii
1405 2786 1485 2846 lotio

253 2891 351 2968 fieret,
373 2891 620 2975 impediverunt.
665 2889 741 2953 Siue
765 2890 864 2954 dubio
900 2890 964 2952 duo
999 2893 1074 2950 haee
1108 2894 1285 2968 fragmenta
1307 2887 1346 2948 ed
1372 2885 1485 2948 turbas

254 2994 325 3057 illas
349 2994 457 3058 civiles
487 3017 513 3060 a.
543 2994 658 3076 665189
688 3006 719 3056 et
753 2993 971 3057 contentiones
1002 2992 1040 3054 de
1070 2989 1193 3069 legibus
1217 2989 1410 3072 perferendis
1436 2991 1488 3051 rel

255 3098 440 3162 exercendis
476 3097 644 3181 pertinent,
678 3095 797 3179 quibus
832 3096 1032 3160 diversarum
1055 3093 1089 3157 in
1112 3091 1277 3176 republica
1299 3091 1411 3156 autin
1437 3115 1485 3154 se-

255 3213 332 3266 natu
355 3201 494 3286 partium
518 3200 690 3264 sententiae
724 3211 756 3263 et
779 3198 959 3348 voluptates
982 3195 1159 3280 explicatae
1183 3205 1268 3260 sunt.

837 3291 855 3351 7
880 3337 886 3350 .

339 3389 421 3457 Non.
455 3413 480 3456 s.
515 3412 545 3456 v.
569 3398 717 3453 centones
740 3410 772 3471 p.
796 3389 845 3454 91.
900 3387 1035 3450 Sisenna
1067 3383 1270 3448 historiarum
1307 3381 1389 3445 libro
1412 3381 1477 3446 IV:

254 3493 476 3576 Puppisaceto
489 3490 671 3555 madefactis
695 3489 882 3554 centonibus
905 3490 1105 3573 integuntur,
1128 3497 1482 3570 quossupraperpetua

255 3595 347 3660 classi
369 3615 525 3679 suspensa
547 3595 648 3658 cilicia
670 3593 899 3659 obtenduntur.
945 3592 980 3660 P.
1005 3594 1073 3658 107.

839 3698 889 3762 76.

341 3799 422 3868 Non.
446 3823 469 3868 s.
493 3823 521 3867 v.
544 3821 674 3865 caecum
697 3823 727 3886 p.
749 3802 811 3866 449
835 3798 1014 3885 (iteravitlr.
1037 3820 1060 3862 s.
1081 3820 1111 3860 v.
1135 3794 1328 3858 horrendum
1361 3816 1392 3878 p.
1416 3794 1478 3857 423

255 3927 294 3970 ex
326 3903 407 3970 libro
439 3903 524 3987 llI):
558 3903 693 3968 Sisenna
727 3904 834 3970 histor.
877 3901 931 3966 lib.
964 3901 1012 3966 IV
1059 3898 1174 3964 Subito
1217 3919 1302 3960 mare
1351 3893 1485 3981 persub-

255 4009 433 4076 horrescere
467 4029 639 4092 caecosque
686 4005 804 4071 fluctus
838 4006 871 4069 in
915 4027 948 4069 se
981 4007 1168 4088 provolvere
1201 3999 1311 4064 leniter
1344 3998 1476 4082 occepit.

256 4113 293 4177 Ρ.
318 4114 388 4178 104.

341 4319 423 4387 Non.
446 4343 469 4384 s.
493 4342 522 4382 v.
546 4338 697 4402 myoparo
720 4339 750 4400 p.
774 4317 836 4379 534
845 4214 993 4377 ‘Sisenna
1015 4313 1126 4378 histor.
1149 4309 1202 4376 lib.
1222 4308 1288 4373 IV:
1320 4307 1479 4390 Navisque

256 4423 387 4504 triginta
410 4421 550 4499 biremis,
572 4419 705 4486 totidem
729 4439 947 4504 myoparonas.
970 4416 1005 4481 P.
1029 4415 1105 4487 106,
