3132 4588
585 281 775 342 ...53-

651 466 700 532 97.

148 567 239 633 Nou.
262 591 286 631 s.
310 589 340 634 v.
363 567 545 652 permittere
566 589 599 654 p,
626 569 693 634 162.
724 567 813 632 Idem
827 565 989 656 [Sisenna]
1001 563 1083 633 libro
1104 564 1171 634 1V:
1193 563 1291 630 Multi

47 671 250 758 praemissis
272 669 369 734 armis
390 692 430 736 ex
452 692 578 736 summo
600 691 633 735 se
655 671 883 755 permitterent.
926 670 962 738 P.
984 671 1034 738 85.

658 773 708 839 98.

147 874 237 940 Non.
261 899 284 942 s.
306 897 335 941 v.
356 876 489 941 evadere
510 897 541 962 p.
563 877 634 944 294.
678 873 816 942 Sisenna
837 873 1042 940 historiarum
1064 874 1118 942 lib.
1139 872 1204 942 lv:
1226 873 1289 939 Co·

50 978 136 1042 hors
174 999 243 1042 una
270 977 390 1061 passim
422 978 588 1056 concitata,
623 1001 687 1062 qua
721 1001 835 1044 murus
856 989 923 1044 erat
946 977 1155 1064 interruptus,
1176 974 1292 1042 evadit.

52 1080 91 1144 P.
119 1083 180 1150 87.

650 1186 699 1250 99.

148 1284 236 1352 Non.
260 1308 284 1352 s.
310 1309 337 1350 v.
362 1307 472 1366 cogere
484 1308 515 1371 p.
539 1289 601 1354 264
623 1287 755 1354 Sisenna
777 1285 981 1352 historiarum
1004 1283 1085 1350 libro
1106 1283 1170 1350 lV:
1193 1281 1290 1348 Sum·

56 1389 141 1454 moti
171 1400 203 1454 et
224 1384 309 1452 intra
332 1390 455 1454 moenia
478 1411 606 1456 rursum
629 1391 737 1457 coacti.
781 1389 817 1454 P.
841 1391 892 1460 88.

651 1495 720 1560 100.

148 1592 236 1662 Non.
270 1619 293 1660 s.
324 1618 354 1662 v.
378 1595 534 1676 integrare
557 1618 587 1680 p.
613 1597 682 1664 127.
726 1596 859 1664 Sisenna
887 1595 1088 1662 historiarum
1121 1591 1203 1658 libro
1225 1590 1271 1658 lv

57 1697 163 1764 Ultro
186 1697 331 1782 citroque
353 1699 515 1784 integrant
536 1699 570 1762 in
592 1699 711 1784 oppido
734 1699 870 1767 caedem.
914 1699 950 1767 P.
972 1701 1024 1770 89.

650 1803 719 1868 101.

153 1901 236 1969 Non.
258 1925 286 1968 v.
309 1902 454 1987 subigere
476 1925 506 1988 p.
531 1905 601 1971 400.
645 1903 780 1969 Sisenna
803 1904 874 1971 hist.
896 1902 950 1968 lib.
973 1900 1035 1970 IV:
1061 1899 1194 1966 Terrore
1216 1921 1287 1983 per-

63 2008 232 2071 turbatum
256 2004 495 2070 multitudinem
519 2005 681 2086 subigunt.
725 2005 761 2073 P.
784 2007 833 2072 96.

153 2107 245 2172 Haec
266 2113 441 2188 fragmenta
473 2110 513 2174 ad
546 2111 797 2195 expugnationes
820 2105 949 2174 urbium
972 2107 1128 2194 pertinere
1148 2114 1288 2190 apparet.

61 2212 167 2278 Haud
190 2212 297 2296 inepte
319 2211 506 2276 inseruntur
527 2213 671 2298 Appiani
694 2211 737 2298 (l,
761 2211 799 2275 51
813 2209 949 2295 subfin.)
960 2209 1132 2274 narrationi
1155 2206 1288 2274 Boviani

64 2339 83 2380 a
107 2314 201 2380 Sulla
222 2313 411 2398 expugnati:
432 2313 452 2380 ὁ
475 2321 507 2380 ot
528 2316 653 2394 Σύλλας
685 2353 729 2364 -
749 2351 791 2363 -
815 2349 855 2362 -·
883 2316 912 2392 ἐς
949 2312 1094 2379 Βουάνον
1120 2319 1290 2395 παρῆλθεν,

63 2417 333 2502 ἣκοινοβούλιον
354 2413 392 2500 ἦν
413 2428 480 2484 τῶν
515 2417 736 2485 ἀποστάντων.
770 2432 891 2500 τρεῖς
924 2414 951 2480 d’
980 2413 1114 2498 ἄκρας
1136 2425 1201 2498 τῆς
1223 2411 1292 2479 πό·

68 2531 149 2587 λεω
166 2545 182 2596 ς
204 2519 393 2602 ἐχούσης
414 2527 466 2584 καὶ
487 2532 553 2586 τῶν
575 2521 729 2587 Βουάνων
751 2523 781 2597 ἐς
803 2518 996 2584 τὸνΣύλλαν
1017 2520 1291 2600 ἐπεστραμμένων·

73 2627 351 2706 περιπέμψας
373 2621 490 2700 τινὰς
513 2620 531 2688 ὁ
553 2611 744 2701 Σύλλας,
767 2625 922 2688 ἐκέλευε
952 2626 1212 2697 καταλαβεῖν
1244 2613 1292 2700 ἥν

69 2751 167 2791 τινα
188 2735 267 2790 τῶν
289 2722 420 2790 ἄλλων
442 2730 662 2809 δυνηθεῖεν
684 2725 820 2810 ἄκραν,
843 2730 895 2790 καὶ
923 2733 1035 2812 καπνῷ
1064 2731 1162 2788 τοῦτο
1200 2731 1292 2805 σημῆ-

70 2855 142 2895 ναι.
165 2832 335 2909 γενομέναν
357 2832 389 2892 ct
409 2838 469 2894 τοῦ
490 2839 615 2895 καπνοῦ
637 2827 867 2909 συμβαλὼν
888 2841 988 2904 τοῖς
1015 2827 1059 2890 ἐκ
1081 2823 1291 2903 μετώπου,

72 2930 412 3010 καὶμαχὸμενος
434 2925 982 3016 ὥραιςτρισλκαρτερῶς,
1005 2929 1088 2994 εἷλε
1120 2937 1193 3010 τῆν
1215 2927 1292 2993 τό·

73 3044 151 3099 λιν.
195 3032 336 3112 Uogitari
359 3034 454 3097 etiam
466 3043 571 3118 potest
593 3033 632 3097 ds
644 3034 705 3098 alio
716 3033 857 3097 exercitu
876 3031 1030 3108 Romano,
1053 3027 1109 3114 qui
1132 3031 1291 3113 populum

76 3132 260 3200 seditiosum
283 3133 454 3212 domuerit,
483 3147 521 3200 ut
556 3132 614 3202 Cn.
646 3135 793 3220 Pompeii
816 3134 983 3211 exercitus,
1005 3132 1062 3216 qui
1087 3128 1236 3196 Vestinos
1258 3129 1290 3194 in

76 3236 265 3303 deditionem
288 3237 409 3322 occepit
433 3237 513 3322 (vid,
531 3237 603 3306 Liv.
625 3239 698 3323 epit.
722 3239 784 3324 75).

643 3341 711 3407 102.

156 3439 234 3508 Non.
268 3463 292 3507 s.
324 3463 354 3505 v.
377 3461 432 3506 ver
455 3462 580 3506 ssorum
603 3463 632 3523 ρ.
657 3445 731 3515 552,
767 3440 831 3507 Sed
854 3439 987 3509 Sisenna
1008 3409 1195 3526 religiosum
1216 3435 1293 3502 dicit

81 3543 183 3610 histor.
206 3542 258 3610 lib.
280 3543 345 3610 IV:
380 3544 553 3628 Quondam
585 3544 694 3613 Sabini
730 3551 875 3610 feruntur
909 3543 1050 3620 vovisse,
1083 3542 1110 3606 si
1132 3561 1182 3605 res
1204 3560 1290 3604 oom-

81 3645 178 3711 munis
211 3646 397 3712 melioribus
438 3647 515 3712 locis
556 3648 765 3725 constitisset,
806 3669 839 3712 se
871 3667 926 3713 ver
973 3665 1099 3712 sacrum
1143 3645 1292 3710 facturos.

80 3749 116 3821 P.
136 3751 182 3816 99.

651 3855 721 3919 103.

159 3953 237 4022 Νον.
260 3977 284 4020 s.
310 3978 338 4022 v.
357 3957 508 4022 damnare
530 3978 561 4041 p.
585 3957 644 4020 277
669 3955 803 4022 Sisenna
826 3955 1030 4021 historiarum
1052 3951 1106 4018 lib.
1129 3951 1194 4020 IV:
1216 3951 1291 4035 Quo
1389 3982 1422 4021 a

85 4069 151 4123 voto
171 4057 311 4122 damnati
334 4060 436 4126 fetum
458 4080 584 4124 omnem
608 4057 762 4125 dicuntur
782 4058 938 4124 eiusanni
958 4057 1066 4124 statim
1086 4075 1283 4122 consecrasse

85 4161 118 4233 P.
139 4161 202 4229 100.

160 4264 282 4328 Riesius
305 4262 469 4330 Sisennam
492 4265 526 4328 in
549 4264 764 4332 describendis
787 4263 882 4331 rebus
905 4265 939 4330 in
950 4263 1081 4331 Etruria
1102 4275 1134 4329 et
1156 4261 1255 4329 Umbr

87 4366 172 4454 gestis
191 4371 284 4452 putat
307 4367 354 4452 (p.
378 4366 433 4452 62)
454 4367 633 4476 adductum
656 4389 742 4447 esse,
775 4381 813 4435 ut
848 4368 908 4435 hoo
929 4389 985 4435 ver
1006 4388 1132 4437 suerum
1155 4365 1254 4434 Sabin
