3132 4588
775 259 981 325 „44-

261 476 388 517 summa
410 453 528 516 virium
553 451 751 515 contentione
774 459 855 534 esset
877 447 1073 532 gerendum,
1107 469 1210 530 neque
1244 451 1292 508 tot
1314 443 1487 529 vectigalia

259 568 389 640 propter
412 556 600 620 seditionem
626 554 795 627 sociorum,
817 561 896 634 quot
918 565 1010 614 antea
1037 551 1184 627 redirent,
1208 572 1270 612 non
1293 545 1396 610 solum
1423 567 1483 629 pe-

259 661 354 722 cunia
377 661 484 722 deesse
508 658 613 742 coepit
635 658 686 740 (cf.
708 655 773 720 Cic.
808 657 846 718 de
870 655 939 738 lege
962 677 1029 738 agr,
1065 657 1093 727 2,
1129 655 1179 728 29,
1216 652 1280 736 80),
1305 651 1484 715 sedetiam

260 761 379 826 malum
401 763 481 825 illud
505 772 608 836 vetus,
631 781 694 842 quo
718 759 757 822 ab
779 758 870 820 initio
892 758 1046 821 laboravit
1069 755 1248 840 respublica
1266 793 1307 802 -
1330 775 1382 817 aes
1405 754 1486 816 alie-

259 888 337 930 num
360 903 402 912 —-
425 867 529 928 denuo
553 876 648 946 atque
671 862 802 945 gravius
825 861 945 922 incidit.
992 867 1028 924 cf.
1054 861 1147 924 etiam
1171 857 1262 924 Oros.
1287 856 1327 933 V,
1363 859 1483 921 18116.

258 966 332 1048 Quo
354 969 474 1031 factum
498 978 555 1042 est,
580 975 615 1030 ut
648 967 686 1028 A.
722 963 928 1048 Sempronius
963 963 1085 1025 Asellio
1120 967 1244 1045 praetor
1277 959 1421 1025 urbanus
1457 985 1486 1029 a.

259 1071 374 1156 665169
401 1069 580 1134 debitorum
605 1091 732 1132 causam
757 1089 952 1150 quamquam
977 1072 1093 1129 trustra
1117 1065 1304 1132 defenderet.
1329 1063 1482 1150 (Liara.

259 1171 363 1237 Valer.
389 1173 475 1239 Max.
500 1172 562 1247 IX,
587 1175 615 1248 7,
638 1173 667 1233 4.
712 1171 853 1253 Appias.
878 1170 916 1232 (16
940 1168 967 1234 b.
991 1191 1015 1234 c.
1038 1171 1063 1244 I,
1087 1170 1148 1234 54³

845 1274 893 1336 58.

343 1379 425 1446 Non.
450 1403 471 1444 6.
497 1403 524 1442 v.
547 1386 641 1462 longe
664 1401 694 1462 p.
720 1380 780 1442 339
805 1377 939 1440 Sisenna
963 1377 1071 1444 histor.
1092 1377 1146 1439 lib.
1172 1378 1239 1442 lV:
1272 1378 1424 1460 Egregiae
1450 1393 1482 1442 et

256 1490 351 1568 longe
373 1483 564 1567 praestantis
587 1504 624 1544 ac
647 1482 803 1544 timendas
827 1481 1079 1542 adversariorum
1104 1504 1179 1564 opos
1203 1506 1280 1551 esse.
1304 1483 1341 1548 P.
1367 1485 1436 1548 109.

343 1586 448 1651 Verba
480 1585 570 1648 facile
605 1586 638 1648 in
671 1583 796 1667 legibus
831 1584 892 1646 illis
928 1589 976 1646 vel
997 1584 1086 1647 dulia
1111 1587 1161 1648 vel
1185 1586 1311 1670 Papiria
1335 1587 1480 1649 661061-

256 1691 384 1774 purnia,
407 1687 525 1772 quibus
550 1688 661 1751 civitas
698 1687 817 1750 ltalicis
851 1688 990 1763 daretur,
1024 1689 1160 1752 ferendis
1194 1691 1256 1751 dici
1290 1701 1478 1772 potuerunt.

255 1795 295 1863 cf,
320 1793 415 1856 Diod.
439 1793 490 1857 lib.
514 1799 552 1857 37
587 1815 613 1856 c.
638 1799 676 1857 2:
699 1795 732 1856 ἐν
756 1819 773 1872 ῃ
795 1791 958 1874 (Corfinii)
981 1791 1092 1856 καὶτὰ
1115 1790 1194 1858 ἄλλα
1217 1793 1255 1858 τὰ
1284 1795 1364 1876 πρὸς
1387 1796 1479 1860 πόλε-

253 1922 316 1974 μον
338 1896 491 1976 ἀφθόνως
514 1893 638 1961 tanam
656 1903 708 1960 καὶ
727 1895 898 1977 χρημάτων
919 1903 1051 1976 πλῆθος,
1075 1902 1127 1959 καὶ
1150 1910 1268 1980 τροφῆς
1291 1903 1405 1980 δαψιλῆ
1425 1921 1478 1976 χο-

254 2006 372 2084 phyton.

843 2106 890 2165 59.

340 2202 423 2270 Non.
457 2227 479 2268 s.
512 2226 541 2269 v.
575 2224 677 2286 pecua
710 2215 740 2267 et
774 2204 896 2287 pecuda
929 2227 958 2287 p.
985 2206 1053 2269 169.
1110 2205 1242 2270 Sisenna
1273 2207 1477 2272 historiarum

254 2307 335 2371 libro
357 2305 422 2372 IV:
447 2306 604 2381 Iumenta,
627 2306 751 2388 pecuda
774 2305 850 2369 locis
873 2308 1033 2390 trepidare
1055 2308 1283 2391 compluribus.
1305 2311 1341 2373 Ρ.
1366 2315 1415 2375 76.

341 2407 520 2473 Verisimile
543 2421 599 2477 est,
623 2409 807 2492 scriptorem
832 2409 884 2471 hic
908 2432 973 2472 rem
997 2417 1138 2473 futuram
1164 2412 1369 2494 praedixisse.
1394 2413 1476 2477 Nam

254 2513 369 2578 ostenti
391 2513 460 2576 loco
484 2512 633 2575 habuisse
658 2512 827 2587 Romanos,
850 2513 936 2594 quod
960 2536 1075 2596 pecora
1099 2515 1314 2598 vagabantur,
1338 2539 1411 2580 cum
1432 2542 1472 2582 ex

254 2617 324 2681 61116
348 2617 441 2693 16616,
464 2623 534 2679 tum
558 2639 596 2679 ex
620 2616 665 2678 eis
688 2615 817 2692 scimus,
840 2615 959 2697 quibus
982 2617 1145 2700 prodigia,
1178 2641 1260 2700 quae
1286 2620 1366 2684 bello
1389 2621 1478 2686 Mar-

255 2721 320 2784 sico
342 2720 576 2796 antecesserint,
611 2729 797 2782 enumerata
820 2731 904 2782 sunt.
948 2724 986 2782 cf.
1010 2726 1046 2786 fr.
1071 2725 1089 2783 5
1112 2743 1184 2783 ann.
1230 2721 1337 2802 Quare
1372 2725 1476 2790 verbis

254 2823 316 2887 illis
339 2822 518 2908 periculum
542 2846 679 2900 novum,
714 2824 800 2906 quod
825 2823 978 2886 Romanis
1001 2824 1149 2899 instaret,
1186 2826 1363 2889 indicatum
1387 2829 1477 2892 vide-

255 2939 306 2992 tur
329 2951 403 2995 esse.

836 3031 885 3094 60.

340 3132 422 3197 Ν66.
457 3157 479 3200 6.
512 3157 542 3200 v.
572 3134 659 3217 apud
692 3157 722 3218 p.
756 3135 796 3199 68
831 3132 966 3196 Sisenna
994 3133 1269 3218 historiographus
1303 3135 1381 3200 libro
1407 3136 1474 3204 IV:

254 3236 344 3300 Dum
367 3236 541 3320 pristinum
565 3237 679 3300 vitium
703 3236 790 3320 apud
813 3235 918 3315 ignem
941 3257 998 3318 per
1021 3237 1167 3300 sudorem
1202 3259 1332 3321 corpore
1355 3239 1475 3303 exhau-

254 3347 373 3406 serunt.
396 3339 433 3402 P.
459 3342 527 3404 116.

339 3441 446 3524 Quam
469 3465 535 3506 rem
561 3442 611 3505 hic
634 3441 767 3506 Sisenna
791 3439 1096 3520 commemoraverit,
1119 3445 1289 3507 nescimus.

835 3547 884 3608 61.

338 3647 420 3716 Ν66.
445 3672 469 3712 6.
493 3672 521 3715 v.
544 3648 642 3732 apisci
665 3671 695 3732 p.
710 3655 750 3712 68
775 3647 908 3711 Sisenna
932 3649 1207 3735 historiographus
1230 3651 1384 3718 libroIV:
1409 3655 1472 3718 lta-

254 3777 316 3836 que
337 3765 464 3838 postero
488 3753 537 3814 (116
561 3757 677 3831 legatos
700 3752 849 3834 Iguvium
875 3753 1035 3816 redeuntis
1059 3755 1223 3838 apiscitur.
1248 3755 1284 3826 Ρ,
1308 3759 1356 3822 94,

336 3857 490 3941 ‘deligato
524 3856 698 3937 siguvium'
728 3877 809 3937 quae
849 3856 946 3918 verba
979 3856 1132 3940 praebent
1165 3860 1257 3926 codd.
1292 3860 1384 3926 Leid.
1414 3862 1471 3945 (L)

255 3958 412 4026 Wolfenb.
446 3958 496 4023 vel
527 3955 685 4022 Guelferb.
709 3957 783 4042 (W)
809 3959 906 4024 Laur.
929 3960 984 4044 (F)
1012 3961 1046 4023 iu
1076 3959 1141 4024 ‘die
1177 3968 1295 4040 legatos
1318 3961 1469 4049 Signiam’

254 4101 295 4111 -
327 4085 409 4145 quae
431 4069 498 4128 erat
521 4060 606 4124 Latii
641 4059 716 4124 urbs
751 4099 793 4109 -
828 4061 943 4126 166166
977 4065 1119 4127 correxit.
1182 4065 1337 4150 Iguvium
1375 4073 1469 4153 vulgo

250 4166 376 4250 legitur.

836 4269 885 4332 62.

336 4369 420 4440 Non.
444 4396 468 4441 s.
493 4397 521 4438 v.
550 4373 637 4437 iusso
661 4394 691 4456 p.
717 4375 777 4438 130
811 4370 942 4438 Sisenna
972 4373 1176 4438 historiarum
1210 4373 1292 4441 libro
1313 4373 1376 4441 IV:
1409 4375 1469 4440 Ta·
