3132 4588
606 259 800 322 ..21-

90 443 233 520 Nonius,
256 467 320 526 quo
344 457 408 510 erat
433 467 525 510 ncrno
547 447 777 530 grammaticus
799 446 908 523 levior,
931 446 1018 510 haud
1041 446 1230 511 lacileillam
1253 469 1324 524 ope·

91 549 139 613 ris
164 563 288 633 partem
312 549 356 611 ita
379 575 397 611 a
420 549 550 632 reliquis
573 549 729 619 distinxit,
774 548 922 612 Dubium
947 557 1109 633 praeterea
1132 560 1191 626 est,
1214 561 1323 613 utrum

93 650 226 715 Nonius
249 651 413 716 Sisennam
437 653 544 736 ipsum
568 653 754 738 cognoverit
777 673 886 728 necne,
910 651 970 716 nisi
993 663 1127 728 eertum,
1166 651 1253 714 hun'c
1283 651 1324 715 ab

90 755 152 818 illo
173 760 267 840 plane
289 755 471 840 ignoratum
495 778 570 821 esse.

183 861 294 940 Atque
316 881 355 922 ne
379 859 522 942 priorum
545 860 688 924 virorum
711 859 878 922 doctorum
901 858 1073 922 sententias
1085 858 1209 922 silentio
1232 881 1323 942 prae·

91 966 225 1038 ter-eam,
248 961 380 1045 Pcpma‚
403 963 489 1044 quod
512 968 547 1026 fr.
572 965 591 1026 3
614 963 654 1026 ad
678 963 807 1027 Aeneae
830 968 961 1026 mortem
982 960 1115 1037 rettulit,
1137 959 1325 1044 putassevi·

93 1064 202 1141 detur,
226 1063 392 1128 Sisennam
417 1065 535 1141 bellum
561 1065 734 1130 Marsicum
759 1065 953 1148 scripturum
977 1064 1068 1148 prins
1091 1084 1235 1126 narrasse
1259 1062 1324 1126 Ae-

94 1189 174 1231 neae
197 1168 372 1230 advcntum
395 1167 429 1230 in
447 1167 578 1244 ltaliam,
601 1169 688 1251 quod
712 1167 896 1232 Alexander
919 1165 1078 1249 Ephesius
1093 1166 1119 1251 ¹)
1153 1165 1227 1230 fecit
1251 1164 1324 1228 belli

95 1270 186 1334 illius
210 1269 291 1332 libro
314 1271 337 1335 l.
381 1269 507 1333 Deinde
531 1270 692 1336 lirausius
706 1271 734 1357 2)
758 1272 907 1356 opinatus
926 1283 983 1347 est,
1004 1268 1172 1332 Sisennam
1184 1278 1216 1330 et
1227 1266 1325 1334 Clau-

96 1373 189 1436 dium
215 1371 461 1452 Quadrigarium
485 1373 633 1455 aequales
647 1396 779 1458 operum
803 1393 935 1437 suorum
958 1394 977 1434 a
999 1368 1239 1435 secundaurbis
1263 1368 1327 1432 ori·

97 1473 186 1558 gine,
209 1473 242 1536 id
265 1481 313 1536 est
334 1498 353 1537 a
378 1475 524 1551 Camillo,
547 1486 717 1558 postquam
741 1499 759 1538 a
782 1475 883 1539 Gallis
906 1481 999 1557 capta
1021 1484 1052 1536 et
1075 1473 1181 1535 diruta
1197 1485 1254 1548 ost,
1276 1495 1326 1534 ra-

92 1575 210 1640 stitnta
231 1614 274 1622 -—
295 1575 425 1640 initium
448 1578 568 1654 fecisse,
603 1583 733 1641 fortasse
764 1577 851 1660 quod
887 1598 935 1640 res
965 1575 1149 1639 incertiores
1185 1587 1326 1658 repetere

95 1679 282 1742 noluissent.
328 1678 423 1760 Quod
447 1680 487 1744 de
510 1679 646 1748 Claudio
670 1691 753 1744 recte
776 1680 895 1744 dixisse
929 1677 1108 1742 Krousium
1143 1676 1193 1741 vel
1223 1676 1326 1761 prima

95 1781 185 1845 illius
207 1787 387 1866 fragmenta
411 1783 535 1851 docent,
557 1782 709 1848 Sisennae
732 1794 838 1846 tamen
861 1803 900 1845 ne
922 1803 1024 1844 unum
1060 1779 1190 1862 quidem
1214 1788 1326 1857 exstat,

97 1884 261 1966 quoinde
291 1884 331 1948 ab
366 1886 421 1950 illo
451 1885 540 1950 urbis
573 1886 721 1950 incendio
755 1885 943 1950 historicum
964 1904 1113 1947 exorsum
1137 1905 1204 1946 esse
1226 1883 1326 1962 possit

98 1985 250 2050 concludi
263 1987 299 2062 8).
344 1986 456 2070 Neque
479 1988 592 2051 doctus
627 1987 681 2051 ille
714 1987 764 2050 vir
797 2008 862 2069 quo
891 1991 960 2050 loco
983 1984 1112 2050 uberius
1135 1986 1174 2050 de
1195 1986 1328 2052 Sisenna

100 2087 282 2173 disputavit
295 2087 323 2172 ⁴)
346 2088 427 2152 hanc
448 2090 635 2154 sententiam
659 2089 794 2174 repetiit.

184 2189 256 2255 Hae
286 2202 362 2254 sunt
393 2191 529 2256 maxime
562 2193 763 2258 coniecturae
793 2191 832 2255 de
856 2191 1006 2257 Sisennae
1034 2191 1198 2275 prooemio
1220 2191 1327 2256 adhuc

97 2291 249 2376 prolatae.
295 2292 500 2376 Quamquam
524 2297 641 2378 cuique
663 2317 772 2359 earum
796 2295 843 2358 vis
866 2294 978 2377 aliqua
1001 2293 1170 2359 tribuenda
1190 2306 1246 2372 est,
1279 2302 1327 2359 ta·

99 2417 172 2459 men
194 2417 212 2459 e
234 2397 418 2480 fragmentis
441 2399 573 2462 servatis
595 2398 628 2460 id
651 2397 759 2482 colligi
782 2419 876 2480 posse
898 2396 1041 2474 videtur,
1072 2397 1238 2462 Sisennam
1261 2398 1328 2462 usi-

98 2506 204 2562 tatum
234 2498 326 2562 illum
350 2498 540 2582 scriptorum
564 2499 782 2564 Romanorum
805 2522 924 2564 morem
947 2502 986 2564 ab
1016 2497 1106 2564 urbis
1129 2501 1251 2586 origine
1273 2523 1328 2565 ex-

99 2601 244 2664 ordiendi
268 2602 434 2666 retinuisse
453 2615 483 2666 et
505 2603 579 2666 inde
602 2625 650 2666 res
673 2602 832 2686 graviores
855 2602 1006 2688 neglectis
1029 2600 1201 2666 levioribus
1224 2625 1327 2686 nsque

103 2704 145 2767 ad
171 2703 287 2767 bellum
312 2704 487 2768 Marsicum
508 2703 645 2769 breviter
667 2706 900 2790 perstrinxisse.

185 2809 253 2870 Iam
276 2808 394 2890 quibus
417 2808 520 2870 causis
545 2808 662 2872 bellum
686 2807 799 2871 sociale
822 2815 927 2872 ortum
950 2813 1018 2872 essa
1053 2808 1327 2886 demonstraverit,

100 2932 176 2973 cum
202 2932 332 2994 prorsus
355 2909 535 2974 testimonia
558 2911 672 2986 desint,
696 2924 835 2974 statuere
866 2933 929 2974 non
962 2932 1144 2994 possumus.
1189 2909 1271 2974 Nam
1294 2911 1328 2974 in

100 3013 287 3077 enarrandis
309 3013 371 3076 illis
394 3014 512 3076 autad
537 3015 686 3077 universa
716 3015 799 3077 mala
828 3012 1022 3097 reipublicae
1047 3013 1208 3078 Romanae
1222 3013 1250 3097 ⁶)
1272 3022 1329 3078 aut

99 3117 140 3179 ad
164 3121 249 3201 leges
273 3115 502 3194 Gracchorum,
525 3117 582 3200 qui
604 3117 661 3180 etsi
686 3139 749 3180 non
772 3115 957 3200 Tiberiust)
980 3127 1118 3180 atcerte
1141 3113 1244 3180 Gaius
1258 3116 1283 3199 7)
1295 3115 1328 3178 id

99 3219 275 3295 studerent,
298 3229 334 3282 ut
355 3219 475 3284 Italicis
498 3219 625 3302 populis
648 3218 760 3281 civitas
783 3219 924 3289 daretur.
957 3217 1081 3302 regredi
1114 3224 1171 3280 aut
1192 3217 1328 3301 optima-

99 3323 181 3384 tium
205 3321 351 3405 exemplo
365 3323 389 3387 δὲ
415 3320 460 3384 Μ.
486 3321 618 3384 Livium
643 3321 789 3384 Drusum
812 3342 869 3406 pro
896 3320 967 3383 belli
989 3333 1118 3384 auctore
1133 3318 1248 3384 habere
1271 3342 1328 3404 po-

99 3424 171 3490 tuit.
215 3424 274 3488 Sed
297 3424 330 3486 in
353 3424 516 3488 tractanda
540 3424 599 3489 hac
621 3423 805 3507 quaestione
827 3422 950 3487 diutius
984 3421 1038 3485 vix
1061 3434 1205 3488 versatus
1228 3434 1276 3488 est
1298 3429 1329 3487 et

101 3526 134 3588 in
158 3525 252 3590 rebus
272 3527 402 3590 minoris
425 3527 576 3590 momenti
599 3526 798 3610 acquievisse
822 3525 958 3602 videtur,
981 3524 1067 3606 quod
1082 3523 1234 3589 Cicerone
1249 3533 1329 3589 teste

105 3630 242 3693 maxime
265 3641 396 3705 ostenta,
419 3652 501 3712 quae
527 3629 644 3694 bellum
667 3630 834 3693 imminere
866 3626 1069 3704 nuntiabant,
1098 3639 1245 3692 accurate
1267 3639 1328 3691 tra-

220 3779 233 3810 ·
302 3773 306 3776 .

132 3836 162 3920 l)
171 3844 207 3901 cl.
221 3849 292 3900 auct.
306 3841 353 3900 lib.
367 3842 400 3895 do
411 3842 477 3914 orig.
491 3851 567 3914 gant,
579 3844 658 3902 Rom,
668 3861 691 3902 c.
702 3843 732 3910 9,
745 3841 798 3895 nisi
820 3841 865 3896 hic
877 3841 988 3896 nuntius
1000 3837 1204 3896 commenticias
1217 3838 1328 3893 videtur

103 3947 169 3988 csse.
194 3925 228 4006 2)
251 3928 402 3997 l.c.praef.
425 3947 451 3998 p.
476 3926 523 3987 22,
554 3923 587 4005 3)
598 3927 680 3995 Galli,
703 3927 749 4000 qui
772 3927 800 3980 in
823 3927 955 3982 Sisennae
977 3925 1141 3998 fragmentis
1165 3943 1327 3980 commemo-

103 4025 207 4079 rantur,
229 4010 373 4066 auxiliares
396 4013 578 4067 Romanorum
601 4012 629 4064 in
652 4013 724 4067 bollo
745 4012 841 4067 sociali
871 4023 957 4070 erant.
985 4011 1021 4090 4)
1045 4031 1071 4084 p,
1097 4008 1156 4066 301
1171 4029 1210 4082 sq.
1236 4009 1269 4079 ὅ)
1293 4012 1329 4067 cf.

103 4099 157 4158 hui,
181 4098 246 4158 diss.
262 4116 289 4167 p.
304 4095 352 4156 20.
376 4093 410 4172 6)
422 4100 456 4158 af,
468 4110 559 4153 tamen
581 4099 655 4156 Plat.
678 4099 740 4158 Tib.
765 4099 878 4157 Gracch.
900 4098 947 4156 vit.
970 4115 994 4154 c.
1018 4096 1046 4154 8.
1094 4092 1126 4173 7)
1152 4098 1188 4153 ef.
1212 4096 1328 4150 Momm-

103 4205 158 4250 san,
190 4183 261 4238 llist.
297 4184 371 4240 ltom.
394 4185 447 4248 vol,
472 4187 500 4238 ll
521 4205 546 4255 p,
574 4180 834 4248 Statumae,
858 4182 929 4236 Hist.
954 4183 1033 4246 llam,
1057 4183 1142 4242 vol,V
1165 4201 1191 4252 p.
1215 4178 1327 4240 35ann.

104 4269 137 4347 8)
160 4273 195 4331 cl.
218 4269 289 4327 Plin.
313 4268 385 4326 llist.
400 4279 447 4323 nat
471 4268 521 4338 25,
545 4266 606 4330 21:
628 4269 716 4324 Druso
737 4269 881 4341 optimates
909 4268 1011 4324 bellum
1033 4267 1180 4324 Marsicum
1211 4266 1327 4339 imputa-

104 4375 174 4419 vere.
217 4355 270 4416 vid.
293 4363 322 4410 et
344 4353 401 4415 Liv.
423 4354 488 4428 epit.
514 4351 561 4417 71.
