3132 4588
624 320 830 382 ...11-

201 505 293 588 Quae
318 509 412 572 modo
435 509 570 573 disserui
603 509 630 572 si
653 507 860 592 reputaveris,
894 507 1029 572 Sisenna
1061 509 1157 572 etiam
1193 509 1225 572 in
1249 511 1342 574 tertio

109 609 317 674 historiarum
340 613 420 677 libro
443 612 578 676 similem
603 612 843 696 dispositionem
867 623 997 675 secutus
1022 613 1265 696 esseputandus
1288 625 1343 679 est.

200 714 265 778 Sed
287 738 484 800 quamquam
508 715 634 779 Nonius
664 715 784 779 nullum
808 715 919 779 seriem
943 715 1085 780 locorum
1118 737 1157 780 ex
1179 715 1261 780 libro
1288 717 1341 780 lll

110 816 255 900 praebet,
278 841 317 882 ex
340 841 405 902 qua
427 820 496 884 eius
529 819 696 903 dispositio
718 826 785 881 tam
808 831 954 882 accurate
983 841 1082 902 quam
1115 817 1188 884 libri
1211 819 1258 884 IV
1292 822 1343 884 in-

112 919 222 1005 tellegi
245 935 352 1003 queat,
375 931 482 986 tamen
505 943 569 984 non
595 921 721 998 desunt,
743 919 862 1004 quibus
885 943 1005 986 revera
1027 921 1109 986 illud
1131 923 1252 988 factum
1276 942 1343 988 esse

112 1023 181 1087 veri
214 1023 318 1089 simile
350 1025 452 1090 videri
486 1025 603 1109 possit,
636 1024 762 1090 indicia.
807 1023 917 1088 Placet
950 1031 1092 1089 conferre
1124 1025 1252 1090 ordines
1277 1027 1343 1102 hos,

112 1148 254 1209 quorum
272 1150 431 1211 quemque
454 1126 549 1192 verba
573 1127 725 1192 Sisennae
747 1128 808 1204 ita,
842 1139 879 1190 ut
912 1127 1102 1213 legebantur
1125 1128 1276 1213 deinceps
1310 1129 1342 1192 in

113 1230 185 1314 ipso
208 1231 276 1294 eius
299 1254 404 1316 opere,
427 1229 574 1294 adhibere
607 1252 646 1294 ex
669 1228 840 1294 Selrmidtii
862 1232 1048 1314 quaestione
1087 1230 1163 1296 satis
1197 1249 1343 1316 apparet:

201 1355 232 1416 p.
259 1337 319 1399 130
341 1341 369 1395 ia
388 1339 536 1414 populum,
570 1356 628 1417 pro
651 1333 691 1396 ad
715 1334 874 1418 populum
897 1333 1032 1400 Sisenna
1061 1333 1267 1398 historiarum
1291 1335 1343 1401 lib.

115 1437 184 1501 lll:
207 1437 379 1502 Servnlnm
403 1460 472 1501 erus
494 1441 635 1521 pmenrio
658 1438 813 1500 libertatis
835 1437 1004 1502 inductum
1031 1459 1148 1523 magno
1178 1459 1251 1500 curu
1283 1447 1368 1504 tu-tr.
1389 1447 1491 1517 arpa)

114 1541 221 1606 multu
245 1548 437 1604 conventum
461 1540 493 1602 in
518 1546 675 1625 populum
699 1540 853 1624 produxit
875 1553 1043 1606 armatum.

198 1651 359 1711 immissam,
381 1663 440 1727 pro
464 1643 650 1718 demissum,
674 1644 858 1727 prominens
886 1655 918 1708 et
951 1644 1077 1724 longius
1100 1643 1252 1729 pendens.
1297 1644 1345 1710 Si·

113 1770 213 1811 senna
236 1746 439 1809 historiarum
464 1745 517 1812 lib.
541 1745 613 1811 III:
639 1745 750 1828 Quum
776 1746 962 1832 conrplures
995 1769 1118 1812 menses
1155 1745 1252 1810 barba
1284 1746 1422 1812 int-trau
1440 1757 1496 1825 (rt)

113 1850 212 1914 missa
235 1860 263 1912 et
287 1849 413 1912 intonso
436 1848 559 1932 capillo.

200 1974 232 2037 p.
257 1953 316 2018 141
340 1957 474 2013 macerata
496 1950 659 2040 [parietes]
690 1951 823 2018 Sisenna
850 1952 1056 2017 historiarum
1089 1949 1142 2018 lib.
1164 1951 1230 2020 Ill:
1264 1951 1422 2016 Posthac
1441 1963 1497 2030 (aa)

110 2055 263 2120 villarum
298 2054 451 2118 macerias
486 2077 523 2118 ac
557 2055 748 2139 parietinas,
788 2055 932 2140 quinque
966 2056 1110 2120 cohortes
1153 2055 1187 2118 in
1220 2054 1346 2118 insidiis

113 2158 253 2242 reliquit.

197 2266 401 2339 manipulatim.
425 2260 556 2325 collecta
578 2283 686 2329 manu.
731 2259 866 2324 Sisenna
892 2260 1098 2325 historiarum
1122 2259 1173 2327 lib.
1196 2261 1260 2326 111:
1284 2259 1421 2327 lle-fast
1441 2272 1498 2340 (ut)

112 2363 303 2447 quiescendi
326 2364 467 2448 spatium
501 2364 585 2428 nacti
619 2386 720 2447 quum
745 2363 906 2427 densiores
942 2363 1168 2448 manipulatim
1203 2363 1349 2428 resistere

111 2465 260 2531 hostibus
282 2467 505 2533 instituissent.

200 2575 399 2648 multifariam,
433 2569 578 2654 partibus
604 2570 723 2634 multis.
769 2569 904 2634 Sisenna
938 2569 1155 2634 historiarium
1191 2569 1242 2636 lib.
1276 2569 1326 2636 Ill
1427 2641 1430 2648 Ι

116 2673 214 2755 Quod
238 2673 306 2736 loca
330 2673 485 2757 palustria
507 2695 589 2756 quae
613 2680 703 2736 erant
724 2685 755 2737 et
777 2672 840 2736 alte
864 2671 1071 2737 multifariam
1089 2677 1241 2740 confossa.
1346 2688 1377 2740 tr.
1389 2693 1421 2738 te
1441 2686 1499 2754 (lu)

200 2799 231 2861 p.
257 2778 327 2842 161.
367 2782 587 2856 praefestinatim
612 2775 762 2863 [festinel.
786 2775 920 2839 Sisenna
943 2775 1149 2841 historiarum
1172 2775 1343 2862 rib.1V:1)

116 2879 287 2962 Iidemque
310 2890 613 2964 perseveraverunt,
645 2880 692 2943 uti
715 2879 767 2942 lex
790 2879 970 2963 perveniret
992 2879 1033 2942 ad
1056 2885 1274 2963 quaestorem,
1308 2891 1499 2960 actatum)

110 2983 244 3059 iudices,
267 3005 348 3065 quos
371 2982 498 3059 vellent,
521 2982 725 3046 instituerent
747 2981 998 3065 praefestinatim
1022 2990 1053 3046 et
1075 2981 1201 3066 cupide.

193 3091 360 3164 praestolari
381 3094 429 3149 est
451 3095 633 3169 exspectare
667 3084 717 3147 vel
742 3105 876 3149 manere.
904 3083 1037 3150 Sisenna
1059 3085 1264 3148 historiarum
1288 3083 1342 3150 lib.

109 3188 178 3255 Ill:
202 3187 331 3253 Occulti
355 3188 507 3272 tacitique
541 3187 714 3252 adventum
738 3187 918 3250 cohortium
951 3187 1136 3269 praestolari
1170 3187 1418 3273 occipiuntrarr
1439 3201 1496 3271 (aa)

193 3297 356 3370 permittere,
379 3313 437 3375 pro
461 3291 604 3367 mittere,
636 3289 767 3352 incitare
799 3290 847 3354 vel
869 3291 1086 3375 praecipitare.
1130 3288 1267 3355 Sisenna
1289 3290 1338 3354 hi·

107 3394 293 3476 )storiarum
315 3394 366 3460 lib.
389 3393 456 3461 111:
480 3393 523 3457 ut
545 3392 1114 3478 indeequumconcitatumprineeps
1136 3392 1177 3457 ad
1196 3392 1335 3459 hostium
1353 3427 1373 3462 r.
1402 3415 1435 3462 re
1455 3409 1499 3478 (aa

109 3497 266 3583 permittit
289 3498 397 3564 aciem.

194 3603 262 3666 Iam
286 3602 359 3684 quis
383 3623 446 3664 uon
470 3601 568 3677 videt,
592 3605 854 3678 fragmentorum,
877 3598 996 3684 quibus
1019 3599 1224 3664 continentur
1247 3599 1279 3663 hi
1297 3622 1348 3664 or·

115 3704 216 3781 dines,
240 3704 300 3766 tria
324 3707 364 3770 37
388 3705 469 3788 (43),
493 3705 533 3770 38
556 3704 636 3788 (dl),
659 3705 700 3766 42
724 3703 816 3787 (117)
839 3702 879 3766 ad
908 3724 958 3766 res
980 3701 1169 3767 domesticas
1193 3714 1344 3788 spectare,

115 3817 220 3871 cetera
242 3807 281 3870 ad
308 3806 426 3871 bellum
451 3807 574 3882 sociale,
598 3807 662 3870 duo
685 3819 793 3870 autem
816 3806 879 3882 illa,
903 3804 1021 3888 quibus
1035 3805 1074 3869 de
1097 3805 1222 3870 insidiis
1241 3829 1345 3870 sermo

108 3922 173 3986 est,
208 3913 248 3975 26
272 3912 361 3990 (24),
395 3913 435 3975 tt
460 3911 552 3994 (25),
588 3910 621 3972 in
646 3909 799 3974 Sisennae
830 3908 911 3972 libro
946 3929 1043 3991 quam
1067 3910 1212 3993 proxime
1234 3931 1267 3974 se
1290 3931 1345 3973 cx·

115 4014 259 4098 cepisse?
314 4013 442 4094 Quare,
474 4021 498 4074 a·
521 4020 648 4074 conticere
669 4019 743 4081 licet,
767 4018 801 4078 fr.
825 4019 865 4078 37
888 4013 959 4098 (43)
994 4029 1024 4076 et
1047 4014 1088 4076 38
1110 4013 1181 4098 (47)
1222 4011 1343 4076 ordinis

115 4115 197 4182 Nun.
220 4139 250 4200 p.
276 4121 336 4181 130
359 4117 450 4200 prius
473 4117 559 4201 apud
580 4115 745 4181 Sisennam
769 4114 849 4179 lecta
872 4135 949 4192 esse,
972 4136 1069 4198 quam
1093 4121 1272 4200 fragmenta
1294 4138 1345 4180 or·

117 4219 231 4283 diuum
267 4240 340 4302 pgg.
366 4221 425 4281 141
461 4229 492 4282 ct
517 4220 576 4282 161
601 4218 806 4295 exstantium,
829 4217 943 4282 deinde
974 4217 1000 4280 si
1024 4224 1058 4286 fr.
1081 4222 1121 4283 26
1146 4220 1228 4305 (24),
1250 4233 1281 4284 et
1305 4221 1343 4288 ut

121 4361 326 4370 ...—.——-..

200 4426 233 4512 1)
256 4430 365 4489 Riesins
390 4441 465 4490 recte
487 4429 614 4504 coniecit,
635 4448 685 4504 pro
707 4428 753 4492 lib.
775 4431 817 4486 IV
839 4428 1010 4488 scribendum
1032 4449 1091 4488 esse
1113 4430 1160 4494 lib.
1169 4431 1213 4488 111
1227 4424 1267 4513 (p.
1278 4429 1333 4504 58)
