3132 4588
612 250 812 314 ..17-

88 456 174 519 licet.
220 451 417 538 Negaverim
440 454 543 538 igitur
565 453 681 537 potius.
705 455 742 516 fr.
766 460 785 518 3
809 452 961 518 adalind
985 451 1148 536 quoddam
1172 451 1325 517 Sisennae

90 581 188 641 opus,
212 557 264 619 cui
288 565 356 620 erat
379 579 494 618 nomen
514 554 569 619 ‘ab
592 554 672 619 urbe
695 556 846 632 condita'‚
879 578 919 620 ex
940 577 1005 639 quo
1028 555 1124 619 etiam
1148 557 1184 621 fr.
1208 558 1237 632 l,
1260 557 1279 618 2
1302 556 1323 616 4

89 665 208 723 hausta
227 660 308 735 sint*
324 660 490 744 pertinere,
515 659 569 722 sed
593 660 785 742 putaverim,
807 669 961 740 quattuor
983 659 1060 721 haec
1081 663 1257 744 hugmenta
1277 657 1325 720 hi-

92 763 203 826 storiis
226 783 293 826 esse
317 763 492 828 inserenda.

701 868 730 928 4.

184 967 273 1031 Serv.
297 969 335 1030 ad
363 968 456 1053 Verg.
481 970 563 1034 Aen.
587 970 610 1044 Ι,
636 974 703 1034 108.
729 967 816 1031 llaec
838 980 945 1032 autem
968 989 1046 1032 surra
1064 966 1148 1030 inter
1171 965 1325 1042 Africam,

93 1070 239 1134 Siciliam
264 1079 294 1133 et
313 1069 493 1134 Sardiniam
518 1085 547 1134 et
574 1071 699 1134 ltaliam
723 1081 808 1146 sunt,
832 1093 914 1153 quae
937 1091 1013 1134 saxa
1035 1067 1076 1133 ob
1099 1068 1244 1134 hocltali
1256 1089 1326 1132 aras

96 1183 233 1249 vocant,
268 1174 354 1256 quod
378 1173 422 1236 ibi
446 1174 519 1236 Afri
544 1181 576 1236 et
599 1173 734 1236 Romani
768 1175 879 1238 foedus
913 1173 1053 1238 inierunt
1091 1183 1122 1236 et
1155 1173 1233 1236 fines
1266 1172 1327 1235 im·

93 1277 178 1360 perii
213 1277 263 1339 soi
296 1274 362 1338 illie
397 1299 463 1340 esse
486 1276 658 1341 voluerunt
682 1316 720 1325 —
744 1298 826 1359 quae
860 1298 931 1340 arae
963 1298 983 1339 a
1005 1275 1137 1341 Sisenna
1170 1274 1327 1360 propitiae

95 1387 264 1444 vocantur.

89 1519 91 1528 ι
184 1483 343 1565 Apertum
367 1491 431 1556 est,
464 1481 575 1545 foedus
605 1482 657 1545 hic
679 1493 963 1546 commemoratum
987 1502 1090 1545 unum
1120 1481 1327 1558 arsissans,

95 1606 181 1666 quae
205 1584 365 1646 ltomanos
388 1595 419 1647 et
452 1584 733 1668 Carthaginienses
756 1585 795 1649 ad
820 1585 1057 1670 navigationem
1086 1583 1329 1648 commercium-

96 1709 162 1769 que
196 1697 282 1748 certa
318 1687 438 1750 ratione
472 1688 647 1750 exercenda
671 1688 783 1751 fecisse
805 1695 937 1754 constat.
971 1686 1022 1752 Cf.
1048 1685 1206 1763 Vollmer,
1240 1685 1326 1753 Mus.

100 1790 200 1852 ltheo.
226 1791 276 1865 32,
299 1790 361 1852 622
385 1806 414 1853 et
438 1812 521 1872 qnae
544 1801 653 1853 eontra
675 1812 749 1854 eum
769 1791 847 1853 dicit
862 1787 1115 1856 MalacaGesch.
1138 1788 1168 1856 d.
1191 1788 1328 1853 Cartha·

98 1915 154 1970 ger
177 1891 204 1966 Ι,
229 1897 304 1967 530,
326 1892 382 1974 qui
407 1893 510 1955 Servii
535 1896 630 1958 verba
647 1892 785 1956 ‘fabulas
808 1891 1002 1976 interpretis'
1024 1899 1125 1958 vocat

186 1995 251 2057 vid.
277 1994 358 2056 Plio.
383 2011 444 2060 nat.
470 1996 541 2058 hist.
567 1995 606 2072 V,
630 2000 659 2072 7,
682 1999 717 2059 7:
741 1996 861 2064 Contra
884 1994 1093 2080 Carthaginis
1116 1995 1223 2058 sinum
1246 1993 1329 2058 duae

99 2097 267 2176 Aeginruri
292 2097 388 2173 Arae,
412 2098 535 2182 scopuli
548 2099 764 2181 veriusquam
787 2098 920 2172 insulae,
944 2098 1026 2162 inter
1037 2096 1177 2161 Siciliam
1191 2097 1329 2160 maxime

99 2209 129 2264 ct
151 2201 344 2269 Sardiniam,

703 2305 731 2368 5.

185 2407 287 2472 Cicer.
311 2405 350 2469 de
372 2406 470 2472 divin.
494 2409 518 2484 Ι,
542 2409 592 2485 44,
616 2412 665 2475 99.
710 2408 867 2473 Caeciliae
880 2408 920 2490 Q.
943 2406 1026 2472 filiae
1049 2406 1172 2471 somnio
1185 2405 1211 2491 ¹)
1234 2405 1329 2470 modo

100 2509 241 2573 Marsico
277 2507 359 2571 bello
394 2509 549 2593 templum
573 2525 620 2576 est
642 2536 661 2576 a
683 2524 794 2577 senatu
820 2510 936 2577 lunoni
957 2510 1101 2596 Sospitae
1134 2509 1329 2579 restitutum.
1428 2513 1435 2530 ⁹

99 2613 196 2694 Quod
220 2613 351 2694 quidem
375 2613 534 2676 somnium
548 2613 683 2678 Sisenna
706 2637 779 2678 carra
804 2614 1032 2700 disputavisset
1055 2611 1185 2676 mirifice
1207 2611 1247 2675 ad
1259 2633 1331 2676 ver·

100 2715 178 2778 bum
201 2736 276 2778 cum
299 2738 332 2778 re
355 2716 551 2791 convenisse,
575 2728 644 2781 tum
657 2719 842 2793 insolenter,
863 2718 957 2781 credo
979 2715 1020 2780 ab
1039 2715 1199 2801 Epicureo
1221 2713 1330 2798 aliquo

97 2805 252 2882 inductus
264 2818 419 2902 disputat,
443 2820 575 2883 somniis
588 2821 672 2884 credi
685 2844 747 2883 non
765 2833 917 2905 oportere.
962 2819 1050 2884 Idem
1074 2829 1185 2882 eontra
1207 2827 1331 2880 ostenta

99 2921 181 2984 nihil
205 2921 352 3004 disputat
374 2921 569 3004 exponitque
592 2924 684 2986 initio
710 2922 781 2986 belli
797 2922 928 2986 Marsici
950 2929 981 2986 et
998 2921 1132 2986 deorum
1156 2918 1331 2984 simulacra

99 3024 267 3088 sudavisse
290 3031 321 3088 et
344 3024 536 3108 sanguinem
559 3025 689 3089 fluxisse
724 3037 754 3088 et
788 3025 971 3089 discessisse
1007 3024 1130 3089 eoelum
1164 3030 1255 3088 etex
1277 3043 1330 3086 oc·

99 3133 186 3192 culto
209 3127 336 3190 auditas
359 3149 426 3190 esse
450 3148 554 3204 voces,
577 3151 658 3210 quae
681 3128 823 3212 pericula
836 3126 911 3191 belli
922 3127 1116 3204 nuntiarent,
1139 3137 1171 3190 et
1189 3125 1330 3192 Lanuvii

99 3230 237 3314 clipeos,
271 3229 358 3312 quod
391 3229 618 3313 haruspicibus
642 3231 985 3296 tristissimumvisum
1009 3238 1109 3308 esset,
1142 3227 1330 3294 amuribus

99 3355 168 3397 esse
181 3333 309 3397 derasos
321 3330 360 3416 2).

191 3435 277 3519 ¹)De
296 3434 419 3499 sonmio
442 3434 607 3514 Caeciliae,
630 3459 712 3519 quae
734 3449 800 3501 erat
824 3435 862 3518 Q
875 3435 1005 3502 Caecilii
1029 3435 1152 3501 Metelli
1176 3435 1331 3500 Balearici

100 3561 164 3609 eos,
188 3563 214 3604 a.
238 3561 267 3602 u.
294 3539 430 3619 630jlat
453 3538 527 3616 filia,
550 3539 603 3602 vid
619 3539 680 3604 lul.
705 3538 896 3623 Obsequeos
919 3563 944 3608 c.
968 3546 1007 3605 55
1032 3541 1091 3616 (ed.
1113 3539 1222 3622 John).

188 3643 216 3726 2)
240 3641 361 3705 Eadem
380 3653 503 3706 ostenta
517 3644 628 3726 repetit
641 3643 753 3706 Cicero
768 3643 814 3720 ΙΙ,
838 3646 888 3719 27,
912 3645 962 3711 58.
987 3647 1025 3708 ci.
1038 3645 1080 3720 ΙΙ,
1104 3645 1155 3720 25,
1178 3645 1227 3708 54
1250 3641 1332 3724 Qui·

100 3743 237 3808 boscum
257 3750 397 3808 conferre
419 3745 520 3822 iuvat,
542 3767 625 3827 quae
646 3745 857 3829 prodiderunt
879 3745 995 3810 Strabo
1019 3746 1079 3824 Vl,
1105 3753 1132 3824 1,
1155 3747 1184 3822 6,
1207 3743 1289 3813 Plio
1301 3767 1331 3812 n.

100 3852 129 3912 h.
154 3846 250 3924 Vlll‚
273 3853 345 3915 221,
371 3847 432 3913 lul.
455 3848 575 3930 Obseq.
599 3870 625 3912 c.
650 3850 699 3914 54.
722 3847 859 3913 Orosius
884 3847 932 3926 V,
957 3851 996 3914 18
1031 3849 1257 3936 Augustinus,
1291 3847 1331 3911 de

101 3950 185 4017 civit.
209 3951 259 4015 dei
282 3950 344 4026 ΙΙΙ,
369 3953 419 4017 23.
444 3951 529 4015 Plut.
554 3951 688 4018 Sullae.
712 3954 739 4018 6.

699 4057 728 4120 6.

187 4153 260 4218 Non
284 4180 309 4225 s,
332 4179 360 4223 v.
383 4158 531 4241 protinus
557 4180 585 4242 p.
609 4159 669 4222 376
694 4155 830 4221 Sisenna
859 4157 1066 4222 historiarum
1088 4155 1142 4222 lib.
1165 4159 1197 4224 l:
1230 4154 1331 4219 Nocte

104 4269 295 4343 consumpta
318 4272 445 4343 postero
469 4261 521 4323 die
546 4281 603 4344 per
625 4260 762 4324 incertas
785 4261 852 4324 vias
876 4261 1074 4338 Aeserniam,
1097 4259 1171 4324 inde
1193 4258 1330 4323 Romam

108 4361 254 4445 protinus
278 4367 491 4446 profugerant.
