3132 4588
741 179 943 240 ...1ss-

829 369 858 433 3.

315 471 423 527 Nonius
454 490 477 530 s.
500 492 524 531 v.
548 474 644 529 tactim
666 491 697 553 p.
722 472 781 538 127
805 469 937 534 Sisenna
950 473 988 536 ab
1002 472 1081 536 urbe
1104 475 1233 538 condita
1255 475 1371 540 iuxtim
1386 476 1465 541 Nu·

230 569 361 633 micium
395 569 513 635 flumen
537 571 757 637 obtruncatur.

316 673 422 738 Verba
440 673 494 738 ‘ab
517 674 596 738 urbe
619 676 755 740 condita'
780 699 853 741 cum
866 678 1019 742 incodice
1043 677 1138 742 Nonii
1162 679 1307 744 Parisino
1330 705 1360 744 n.
1374 685 1465 748 7667

230 777 292 842 sic:
315 778 518 863 interpuncta
540 779 621 856 sint,
644 779 771 844 Riesius
792 782 952 846 adductus
976 795 1038 858 est,
1062 792 1099 848 ut
1121 784 1181 847 hoc
1203 791 1272 848 loco
1294 787 1463 870 peculiare

230 880 380 945 Sisennae
413 905 511 966 opus,
544 883 630 965 quod
654 883 844 968 inscriptum
869 886 966 950 fuerit
992 885 1046 950 ‘ab
1070 887 1148 950 urbe
1173 890 1308 952 condita’
1331 890 1462 974 signifi·
1552 943 1553 948 ,

229 986 293 1048 cari
316 983 454 1048 crederet
477 984 522 1069 (p.
542 985 604 1070 56).
648 987 702 1049 Ad
725 992 782 1050 hoo
806 989 901 1052 etiam
925 995 961 1052 fr.
989 994 1014 1066 l,
1039 999 1067 1065 2,
1090 993 1111 1052 4
1133 994 1300 1059 revocavit.
1324 993 1464 1056 Putavit

229 1090 323 1165 enim,
346 1093 526 1174 exemplum
560 1091 647 1156 illius
680 1092 765 1156 tituli
795 1093 850 1156 ‘ab
872 1093 951 1158 urbe
974 1095 1111 1158 condita’
1144 1107 1217 1160 ante
1242 1097 1375 1160 Livium
1410 1099 1463 1161 hic
1553 1153 1554 1180 p

230 1209 353 1262 exstare
366 1198 630 1262 vetustissimum.
675 1197 786 1279 Atque
809 1199 869 1261 fuit
891 1199 970 1262 haec
992 1200 1158 1284 inscriptio
1182 1200 1267 1264 haud
1293 1201 1461 1278 inusitata,

232 1325 305 1368 cum
318 1302 450 1368 Tacitus
470 1302 524 1366 ‘ab
547 1325 678 1368 excessu
703 1304 768 1367 divi
784 1304 934 1386 Augusti'
957 1303 1095 1366 sedecim
1118 1303 1215 1366 libros
1238 1306 1460 1388 composuisse
1554 1338 1555 1366 l

233 1407 381 1470 videatur
403 1419 432 1469 et
446 1407 571 1471 Plinius
593 1408 692 1470 maior
704 1414 781 1470 natu
805 1407 914 1470 eadem
927 1408 1078 1490 loquendi
1102 1409 1334 1472 consuetudine
1358 1408 1460 1472 histo-

231 1509 309 1573 riam
334 1532 425 1598 suam
437 1509 674 1594 inscripserit‘a
693 1509 754 1574 fine
771 1509 894 1574 Aufidii
919 1509 1028 1578 Bassi'.
1074 1510 1249 1574 Videamus
1261 1534 1337 1575 nuni
1352 1511 1460 1574 Riesio
1555 1574 1556 1582 ,

232 1614 273 1676 sit
296 1613 543 1677 assentiendum.

316 1717 461 1800 Apparet
484 1738 523 1779 ex
546 1716 658 1799 primis
682 1716 810 1781 duobus
827 1717 1011 1798 fragmentis
1024 1715 1188 1781 Sisennam
1212 1718 1251 1781 ab
1273 1716 1462 1799 antiquissi-

234 1819 293 1881 mis
317 1818 514 1902 temporibus
537 1841 604 1884 esse
615 1842 775 1897 exorsum,
798 1819 913 1883 deinde
936 1842 975 1883 ex
999 1821 1035 1883 f.
1059 1822 1089 1895 4,
1112 1842 1184 1883 eum
1208 1819 1321 1882 foedus
1341 1818 1462 1881 Roma·

232 1943 347 1985 norum
380 1943 454 1986 cum
478 1923 566 1986 Afris
599 1922 699 1987 ictum
718 1943 988 1989 commemorasse.
1042 1923 1275 2007 Fragmentum
1309 1929 1461 1986 autem3

235 2024 297 2087 iam
321 2025 445 2109 Popma
478 2023 686 2109 probabiliter
708 2026 868 2089 revocavit
890 2025 930 2088 ad
954 2026 1108 2109 Aeneam,
1132 2047 1227 2108 quem
1252 2024 1372 2108 proelio
1397 2025 1462 2087 La·
1557 2059 1558 2080 1

232 2127 372 2191 tinorum
396 2139 505 2192 contra
528 2127 666 2193 Rutulos
689 2140 720 2192 et
742 2127 896 2192 Etruscos
918 2129 1002 2192 inter
1024 2151 1057 2192 se
1079 2129 1267 2192 coniunctos
1290 2127 1461 2190 commisso

233 2233 373 2296 occisum
407 2244 438 2296 et
473 2254 571 2316 supra
595 2231 768 2296 Numicum
803 2231 939 2296 fluvium
963 2232 1059 2296 situm
1083 2253 1151 2295 esse
1186 2231 1271 2316 apud
1298 2230 1460 2294 Romanos

233 2339 317 2398 lama
339 2344 416 2399 erat.
440 2338 481 2402 cf.
507 2336 578 2400 Iriv.
592 2337 618 2413 Ι,
642 2343 671 2402 2.
717 2335 922 2420 Quapropter
944 2348 1001 2399 aut
1024 2336 1118 2400 etiam
1140 2338 1175 2401 fr.
1199 2337 1227 2411 1,
1252 2337 1280 2410 2,
1303 2336 1324 2397 4
1345 2335 1385 2396 ad
1409 2334 1459 2399 Si·

234 2460 350 2503 sannae
361 2461 452 2524 opus,
476 2439 562 2521 quod
586 2446 653 2503 erat
665 2440 856 2522 inscriptum
878 2438 932 2502 ‘ab
945 2439 1024 2503 urbe
1048 2439 1195 2515 condita'‚
1218 2437 1379 2522 pertinent
1401 2450 1459 2500 aut

234 2546 271 2611 fr.
295 2544 314 2605 3
340 2543 545 2608 historiarum
576 2544 656 2608 libro
690 2549 736 2606 est
758 2543 974 2608 inserendum.
1018 2541 1100 2604 Nam
1135 2542 1167 2604 in
1201 2541 1338 2604 editione
1361 2538 1460 2602 Nonii

235 2643 404 2710 Basiliensi
427 2647 524 2710 verba
545 2648 598 2711 illa
618 2645 672 2709 ‘ab
695 2644 774 2710 urbe
797 2645 933 2708 condita’
956 2667 1029 2708 cum
1044 2643 1249 2727 sequentibus
1273 2644 1340 2705 sine
1363 2645 1462 2705 inter-

234 2749 407 2832 punctione
431 2752 600 2815 coniuucta
623 2761 719 2815 suut:
742 2752 816 2814 inde
839 2748 940 2814 conici
963 2770 1056 2832 posse
1079 2748 1216 2824 videtur,
1240 2769 1275 2809 ea
1293 2767 1351 2829 pro
1365 2745 1460 2809 titulo

235 2873 298 2914 non
322 2851 477 2931 habenda,
510 2855 565 2918 sed
588 2876 627 2918 ex
658 2855 810 2918 continuo
834 2852 1024 2916 narrationis
1058 2857 1147 2914 textu
1181 2871 1249 2912 esse
1284 2849 1463 2933 desumpta.

237 2953 332 3035 Quod
367 2956 472 3042 inepte
505 2957 572 3021 fieri
597 2956 724 3022 Riesius
758 2957 931 3024 contendit.
977 2954 1077 3031 Nam,
1110 2954 1136 3017 si
1170 2953 1387 3036 interpunctio
1409 2953 1462 3017 illa

236 3079 309 3122 vera
331 3070 422 3137 esset,
455 3065 505 3124 vel
533 3058 566 3124 ‘a
589 3060 727 3125 Lavinio
747 3061 884 3124 condito’
907 3065 956 3122 vol
975 3057 1030 3121 ‘ab
1053 3055 1173 3141 oppido
1196 3054 1352 3132 condito,
1386 3077 1459 3120 cum

236 3162 363 3226 Aeneas
386 3162 500 3227 urbem
523 3163 658 3228 Romam
690 3185 753 3227 non
776 3163 983 3240 aedificasset,
1015 3161 1112 3226 fuisse
1137 3157 1353 3222 scribendum.
1398 3157 1462 3222 Sed

237 3287 342 3328 nonne
364 3265 431 3330 fieri
454 3267 579 3351 potuit,
614 3278 650 3331 ut
673 3267 806 3333 Sisenna
839 3289 949 3331 eorum
981 3263 1169 3328 sententiam
1204 3259 1368 3345 probaret,
1403 3263 1460 3344 qui

238 3370 373 3434 Romam
396 3370 502 3434 statim
526 3372 784 3456 postadventum
797 3369 925 3434 Aeneae
948 3369 1108 3432 conditam
1131 3385 1198 3430 esse
1221 3362 1365 3427 arbitrati
1377 3375 1462 3443 sunt,

238 3487 275 3540 ut
297 3474 480 3552 Sallustius,
502 3476 558 3558 qui
582 3475 735 3540 Sisennae
758 3473 891 3552 vestigia
912 3472 1063 3557 pressisse
1087 3468 1236 3533 videtur?

325 3578 450 3643 Deinde
470 3576 533 3642 ‘ab'
556 3576 759 3654 vocabulum,
782 3577 809 3640 si
821 3577 894 3659 quis
905 3576 939 3638 in
962 3596 998 3638 eo
1018 3573 1184 3638 offenderit
1197 3573 1235 3658 ¹),
1257 3569 1461 3636 autMerceri

240 3689 271 3748 et
293 3681 414 3767 Guyeti
439 3681 622 3747 coniectura
644 3679 747 3745 delere
770 3691 826 3744 aut
859 3701 931 3743 cum
957 3677 1153 3759 Quicherato
1186 3675 1219 3739 in
1248 3674 1304 3738 ‘at'
1338 3681 1461 3738 mutare

328 3875 359 3958 1)
382 3880 493 3953 Cogitet
513 3878 648 3953 quispiam
672 3879 753 3934 verba
773 3868 903 3932 ‘Sisenna
927 3876 959 3928 ab
982 3875 1047 3928 urbe
1069 3864 1188 3928 condita’
1221 3871 1345 3944 profecta
1366 3887 1425 3924 esse
1447 3888 1462 3923 a

240 3966 415 4038 neglegentia
437 3966 530 4039 Nonii,
551 3965 597 4039 qui
627 3964 656 4018 in
685 3966 763 4020 toute
785 3981 832 4018 suo
854 3961 955 4033 legerit-
977 3962 1034 4015 sere
1056 3960 1136 4014 haec:
1171 3959 1212 4012 De
1246 3956 1354 4011 Aeneae
1377 3966 1461 4010 morte

241 4051 314 4105 varie
338 4053 509 4108 tradiderunt
531 4053 690 4124 scriptores:

392 4139 507 4194 Sisenna
539 4137 725 4211 [historiarum
747 4137 765 4195 l.
787 4137 816 4192 I:
846 4133 937 4187 Livius
960 4133 979 4190 l,
1002 4133 1027 4200 Ι]
1044 4132 1077 4184 ab
1100 4131 1165 4183 urbe
1187 4128 1312 4183 condita:
1335 4126 1401 4180 situs
1418 4135 1457 4181 est

243 4226 339 4282 iuxtim
350 4226 508 4281 Numicium
521 4228 619 4281 flumen
632 4227 816 4280 obtruncatur.
845 4236 1039 4291 quemcumque
1061 4235 1122 4270 eum
1144 4213 1197 4268 dici
1231 4214 1270 4268 ius
1306 4215 1399 4284 sasque
1422 4223 1463 4266 est

846 4322 925 4376 super
943 4302 1088 4356 Numicum
1110 4300 1227 4356 fluvium.
