3132 4588
585 268 784 332 ...51-

66 457 195 540 Neque
216 467 308 542 porta
330 478 433 540 neque
454 457 556 522 ullum
589 458 732 520 foramen
761 463 839 532 erat,
860 475 926 538 qua
946 466 1053 540 posset
1073 458 1200 544 eruptio
1221 459 1297 526 lieri.

66 560 108 628 P.
134 562 188 626 86.

163 663 393 748 Fragmentum
413 663 456 728 ad
479 662 591 729 urbem
612 661 779 728 obsidione
800 661 937 726 alnetum
959 663 1108 748 pertinet.

163 866 244 938 Gelt
265 869 327 947 XI,
352 874 401 946 15,
423 872 451 933 t.
495 867 630 934 Sisenna
651 869 685 932 in
706 877 822 952 quarto
833 865 1035 932 historiarum
1047 868 1189 934 eiusdem
1211 870 1296 956 figu-

69 994 129 1036 rae
151 971 250 1036 verbo
272 973 316 1036 ita
338 994 418 1038 usus
439 982 503 1037 est:
525 970 791 1057 Populabundus,
813 971 929 1054 iuquit,
950 993 1045 1057 agros
1076 971 1117 1037 ad
1138 971 1295 1059 oppidum

70 1075 236 1159 pervenit
279 1074 315 1140 P.
341 1075 390 1141 55.

163 1279 246 1346 Non.
268 1305 292 1344 s.
315 1302 344 1346 v.
368 1279 502 1364 populat
523 1301 554 1364 p.
577 1282 649 1345 471.
691 1279 824 1346 Sisenna
846 1279 955 1344 histor.
978 1279 1030 1346 lib.
1051 1278 1120 1347 IV:
1142 1279 1295 1348 Protinus

22 1449 23 1468 p
73 1405 177 1468 agros
198 1381 449 1468 populabundus
471 1382 511 1446 ad
536 1381 711 1448 Nuceriam
736 1380 893 1448 converit.
937 1379 974 1446 P.
998 1384 1049 1448 56.

166 1484 273 1550 Verba
294 1485 413 1569 optime
434 1506 508 1549 eum
531 1487 576 1550 eis
598 1492 845 1572 componuntur,
866 1504 951 1567 quae
984 1485 1156 1570 Appianus
1178 1487 1219 1570 (1,
1241 1487 1298 1573 42)

22 1647 23 1676 3
73 1591 116 1655 de
139 1589 244 1674 Papio
266 1587 385 1652 Mutilo
408 1588 618 1673 Campaniam
641 1587 795 1652 Romanis
817 1587 970 1672 eripiente
991 1587 1148 1668 prodidit:
1174 1591 1296 1671 Πάπιος

74 1699 109 1760 δὲ
132 1699 192 1759 κα1
209 1699 348 1772 Σταβίας
370 1695 431 1758 εἷλε
452 1700 505 1758 καί
525 1699 677 1774 Λίτερνον
700 1699 752 1756 καί
762 1692 933 1773 Σάλερνον,
957 1688 977 1776 ἣ
995 1689 1157 1771 Ῥωμαίων
1166 1691 1297 1773 ἂκοτκος

22 1797 23 1882 l
73 1794 133 1881 ἦν·
159 1793 310 1874 καὶτοὺς
332 1798 366 1875 ἐξ
387 1794 495 1862 αὐτῶν
517 1795 733 1876 αἰχμαλώτους
755 1820 788 1859 τε
809 1802 861 1860 καί
884 1794 1019 1874 δούλους
1040 1795 1231 1880 ἐστράτευεν.
1254 1793 1299 1876 ὡς

74 1905 108 1964 δὲ
130 1905 186 1964 καί
208 1904 382 1982 Νουκερίας
404 1896 443 1964 τὰ
465 1901 498 1963 ἐν
514 1898 621 1984 κύκλῳ
644 1897 746 1963 πάντα
767 1901 969 1980 κατέπρησεν,
1003 1901 1035 1962 ul
1055 1906 1190 1980 πλησίον
1211 1898 1299 1988 αὐτῷ

22 2015 23 2072 t
74 2001 186 2078 πόλεις
219 2009 462 2082 καταπλαγεῖσαι
483 2008 717 2084 προσετίθεντο,
740 1999 890 2081 στρατιάν
912 2025 945 2066 τε
974 2005 1114 2066 αἰτοῦντι
1141 2005 1299 2084 παρέσχον

74 2107 106 2180 ἐς
129 2109 265 2184 μυρίους
286 2102 400 2184 πεζοὺς
433 2110 485 2168 καί
516 2107 627 2180 ἱππέας
656 2109 786 2182 χιλίους.
839 2106 877 2164 ef.
908 2099 1025 2164 Florus
1048 2100 1094 2174 ΙΙ,
1121 2103 1140 2166 6
1165 2100 1224 2178 III,
1252 2103 1299 2170 18.

22 2181 23 2254 i
75 2203 142 2269 Sed
164 2204 236 2268 iure
258 2204 297 2268 de
318 2204 391 2268 libri
403 2225 537 2268 numero
560 2203 744 2266 dubitamus
767 2202 845 2294 (vid.
861 2202 996 2288 Petorp.
1009 2205 1096 2286 286),
1109 2211 1299 2288 quoquarto

22 2331 23 2346 ν
76 2305 211 2370 demum
233 2305 314 2370 libro
336 2305 503 2371 Sisennam
526 2305 607 2369 bane
629 2305 863 2389 expeditionem
874 2305 1027 2390 attigisse,
1049 2307 1299 2390 quaeudlillllll

76 2415 160 2472 faeta
182 2408 234 2482 sit,
256 2407 464 2491 improbabile
486 2420 541 2475 est.
564 2407 724 2472 Pertinere
747 2419 852 2493 potest
874 2412 962 2472 locus
985 2409 1024 2473 ad
1049 2407 1086 2471 L.
1111 2407 1298 2474 Cluentium

77 2527 188 2575 eontra
209 2509 349 2588 «Sullam,
377 2511 434 2593 qui
455 2510 541 2596 apud
577 2511 745 2592 Pompeios
767 2521 867 2574 eastra
891 2521 1039 2595 posuerat
1061 2511 1162 2596 (App.
1174 2511 1201 2589 Ι,
1233 2511 1300 2598 50),

78 2611 342 2698 proficiscentem.
365 2612 460 2694 Quod
473 2613 612 2696 quidem¹
635 2633 708 2676 eum
722 2613 912 2679 alteroanno
932 2613 1004 2677 belli
1027 2613 1208 2706 accidisset,¹
1223 2635 1298 2679 oum

79 2715 151 2780 libri
174 2737 307 2799 nurnero
330 2739 349 2778 a
370 2714 473 2779 Nonio
497 2715 591 2780 allato
615 2716 728 2780 melius
750 2718 941 2783 conveniret.
984 2714 1069 2781 Cum
1091 2724 1197 2782 autem
1231 2715 1299 2784 Nu·

79 2819 161 2886 aeria
193 2817 289 2882 etiam
327 2816 477 2882 Umbriae
498 2817 592 2883 fuerit
614 2817 700 2896 urbs,
721 2818 788 2882 fieri
811 2830 924 2904 potest,
947 2826 985 2883 ut
1006 2820 1092 2896 haee,
1115 2841 1178 2884 non
1201 2817 1299 2886 Cam·

80 2943 163 3008 pana
195 2919 251 2984 illa
280 2919 356 2986 urbs
384 2919 595 3002 intellegenda
616 2921 667 2986 sit
734 2986 737 2991 ,

663 3044 705 3106 90

167 3140 246 3208 Non.
276 3165 300 3210 s.
326 3166 355 3209 v.
391 3154 581 3228 materesrp.
606 3145 676 3210 556.
732 3142 821 3208 Idem
857 3141 1019 3232 [Sisenna]
1041 3141 1095 3208 lib.
1117 3143 1186 3210 IV:
1209 3141 1296 3210 Galli

83 3243 254 3310 materibus
276 3255 333 3310 aut
355 3245 473 3310 lanceis
496 3257 601 3310 tamon
625 3245 764 3309 medium
788 3243 976 3328 perturbant
997 3267 1120 3333 agmen.
1161 3245 1198 3311 P·
1225 3249 1276 3314 71.

160 3345 272 3414 ‘Galli'
294 3348 389 3414 Peter
410 3347 549 3412 restituit
581 3349 634 3434 (oi.
669 3350 707 3412 t'r.
732 3348 795 3433 18),
826 3346 903 3412 ‘alii’
938 3370 996 3434 pro
1018 3348 1151 3414 lectione
1171 3349 1298 3436 prodita

80 3449 143 3514 ‘ali’
164 3450 260 3532 vulgo
283 3448 447 3515 edebatur.

667 3558 718 3619 91.

166 3655 247 3720 Non.
271 3679 293 3723 s.
316 3680 344 3724 v.
367 3678 455 3720 carra
479 3677 507 3738 p.
533 3657 601 3720 195.
646 3655 780 3720 Sisenna
801 3655 1003 3721 historiarum
1035 3654 1116 3720 libro
1138 3653 1200 3722 IV:
1232 3658 1298 3722 Im·

85 3759 298 3846 pedimentum
323 3758 478 3824 collocant
501 3779 604 3836 omne,
627 3767 816 3822 construunt
838 3779 943 3824 carros
972 3769 1005 3824 et
1034 3779 1156 3824 sarraca
1189 3757 1299 3824 erebra

87 3863 264 3950 disponunt.
307 3862 343 3930 P.
366 3865 416 3927 61.

668 3967 718 4029 92.

166 4067 247 4132 Non.
271 4090 294 4132 s.
318 4089 345 4134 v.
371 4065 591 4131 molimentum
613 4089 643 4151 p.
654 4069 723 4134 142.
766 4067 900 4132 Sisenna
912 4067 1116 4136 historiarum
1135 4065 1217 4134 libro
1229 4065 1270 4133 ll'

90 4174 203 4239 Contra
248 4191 365 4255 magno
398 4189 472 4232 oum
514 4171 699 4235 molimento
731 4193 768 4236 ao
802 4179 958 4258 perpetuo
996 4191 1078 4238 sonu
1110 4171 1250 4262 proosdu

89 4275 120 4346 P.
140 4277 187 4344 ta.
