3132 4588
758 292 800 302 ..
836 256 878 323 20
920 293 962 303 ..

248 458 410 541 quoddam
434 481 526 542 opus,
549 459 600 523 cui
625 460 718 523 etiam
750 467 784 524 tr.
809 461 825 521 1
851 463 869 522 2
892 462 912 521 4
935 459 1107 522 tribuenda
1130 461 1209 536 sint,
1244 485 1308 525 non
1330 462 1489 526 historias
1559 429 1560 496 i

248 560 428 641 significari.
474 561 583 642 Quare
604 561 657 626 ille
679 561 847 626 Sisennam
870 565 902 624 in
934 563 1073 626 historiis
1097 565 1324 648 componendis
1358 565 1487 645 elegi-

249 661 320 737 bus,
344 685 423 746 quas
448 663 563 728 Livius
589 664 717 729 Drusus
740 666 890 728 tribunus
914 665 967 730 ilie
991 665 1110 750 plebis,
1147 668 1289 744 tulisset,
1323 691 1482 731 exorsum

250 788 318 830 esse
340 767 483 830 coniecit.

332 867 400 932 Has
423 871 594 933 sententias
618 871 642 933 si
667 893 899 954 comparamus,
922 871 1086 934 fatendum
1109 879 1166 948 est,
1194 895 1296 954 neque
1319 873 1402 936 banc
1426 896 1484 938 ne·

246 993 309 1054 que
331 971 417 1034 illam
442 972 534 1035 certis
557 972 746 1036 testimoniis
780 973 976 1049 confirmari,
1008 985 1114 1036 tamen
1149 974 1268 1052 Rothii,
1302 997 1400 1058 quam
1430 999 1483 1038 se·
1559 955 1560 1038 i

249 1085 395 1156 quantur
417 1071 618 1151 Gerlaebius,
652 1073 877 1159 Teuffelius1),
912 1075 1088 1160 Peterusi)
1120 1076 1314 1160 probabilior
1347 1078 1482 1141 videtur
1559 1107 1560 1158 l

246 1199 322 1252 esse,
345 1197 442 1258 quam
468 1175 574 1240 Riesii.
619 1178 833 1242 Inveniuntur
854 1178 938 1241 enim
961 1179 1046 1262 apud
1071 1177 1262 1242 Sallustium
1278 1179 1305 1264 3)
1334 1192 1365 1243 et
1396 1180 1481 1243 Dio·
1559 1185 1560 1188 ’

247 1278 401 1361 dorum4)
424 1279 566 1358 vestigia,
589 1302 671 1362 quae
694 1302 747 1342 eos
771 1279 802 1342 in
828 1279 1036 1343 describendo
1062 1279 1142 1344 bello
1166 1281 1276 1345 Italico
1299 1287 1349 1345 vel
1370 1283 1480 1365 prius-
1559 1279 1560 1282 '

246 1404 343 1465 quam
367 1381 427 1444 hoc
450 1394 623 1459 narrarent,
646 1383 731 1464 quod
757 1381 899 1445 moribus
922 1382 1042 1445 civium
1067 1385 1249 1468 depravatis
1275 1385 1414 1460 luxuria,
1439 1385 1479 1448 li-

248 1483 382 1562 bidines,
414 1484 475 1548 alia
509 1485 586 1547 vitia
618 1483 838 1560 invaluissent,
870 1494 999 1566 questos
1022 1507 1090 1550 esse
1114 1487 1236 1552 docent.
1282 1485 1351 1550 Cur
1374 1487 1479 1571 igitur
1559 1511 1560 1526 ¹

247 1586 314 1650 fieri
338 1609 402 1650 non
424 1587 574 1671 potuerit,
598 1597 633 1650 ut
657 1587 793 1651 Sisenna
814 1587 854 1648 ad
879 1586 1043 1651 universas
1068 1589 1124 1652 bas
1137 1587 1329 1672 reipublicae
1340 1589 1478 1653 labentis

247 1711 297 1753 res
319 1689 444 1767 rediret,
466 1712 485 1752 a
507 1689 627 1772 quibus
649 1688 735 1753 illius
761 1689 830 1752 belli
854 1711 966 1753 causas
989 1692 1168 1776 repeteret?
1212 1691 1283 1756 Hac
1299 1692 1383 1755 enim
1397 1692 1479 1754 inita
1559 1693 1560 1770 ζ

248 1792 368 1856 ratione
392 1791 486 1875 quasi
509 1791 628 1855 vindex
650 1792 853 1876 optimatium
876 1794 1016 1876 partium
1041 1793 1143 1859 videri
1165 1795 1280 1878 potuit,
1303 1795 1329 1857 si
1342 1799 1477 1878 popula·
1559 1783 1560 1858 Ῐ

249 1915 298 1957 res
320 1900 391 1956 tum
414 1893 468 1971 eis,
491 1893 576 1976 quod
601 1893 751 1977 superbia
773 1905 804 1958 et
826 1896 958 1958 avaritia
981 1897 1082 1960 socios
1098 1897 1402 1980 adarmacapienda
1423 1896 1476 1958 in·
1559 1907 1560 1994 l

148 1986 152 1996 ’
247 1995 405 2072 citassent,
427 1995 544 2080 probro
577 1994 749 2061 vertebant.
805 1995 931 2061 Deinde
966 1997 1099 2062 Sisenna
1134 2000 1220 2062 haud
1255 1998 1353 2063 dubie
1383 2010 1476 2063 etex
1559 1997 1560 2042 I

246 2097 591 2182 priorumtemporum
613 2097 743 2161 historia
765 2097 907 2184 intellegi
931 2121 1024 2184 posse
1047 2099 1108 2162 sibi
1131 2099 1291 2184 persuasit
1302 2111 1332 2163 et
1343 2099 1411 2183 ipse
1427 2105 1477 2162 vel
1559 2119 1560 2160 l

246 2198 426 2264 adolescens
450 2201 540 2278 vidit,
563 2206 731 2285 populares
755 2207 923 2285 plerosque
955 2203 1013 2265 vili
1041 2216 1071 2265 et
1104 2213 1262 2284 corrupta,
1292 2200 1396 2284 qualis
1420 2200 1476 2264 illa

247 2311 350 2365 aetate
373 2309 448 2378 erat,
483 2303 689 2367 multitudine
725 2303 842 2367 abusos
866 2327 932 2368 esse
954 2317 1051 2388 atque
1075 2305 1236 2367 civitatem
1261 2304 1294 2366 in
1318 2303 1474 2367 maximas

249 2401 444 2468 calamitates
466 2404 639 2470 adduxisse
660 2416 692 2468 et
713 2405 747 2468 in
770 2427 896 2470 summa
916 2407 1107 2473 discrimina.

336 2505 398 2572 Sed
421 2509 550 2590 gravior
572 2509 786 2572 controversia
820 2527 877 2587 est,
908 2512 994 2592 quod
1019 2509 1146 2572 Riesius
1179 2519 1288 2572 contra
1320 2507 1472 2573 Rothium

247 2620 350 2688 negat,
376 2607 516 2673 Nonium
540 2616 575 2674 fr.
600 2617 673 2676 3ex
695 2611 846 2677 Sisennae
871 2612 1009 2676 historiis
1032 2631 1063 2676 et
1086 2634 1124 2675 ex
1159 2610 1313 2696 peculiari
1345 2612 1414 2676 eius
1436 2614 1473 2676 li·

247 2710 303 2776 bro
323 2709 377 2775 ‘ab
396 2710 632 2790 urbecondita’,
654 2715 695 2777 ad
718 2737 813 2798 quem
836 2715 931 2778 etiam
954 2722 989 2782 fr.
1013 2719 1041 2792 1,
1063 2723 1091 2791 a,
1114 2717 1135 2777 4
1154 2714 1316 2778 referenda
1330 2715 1403 2790 siut,
1426 2728 1473 2780 at-

247 2816 356 2878 tulisse
378 2815 550 2880 contendit.
594 2816 686 2897 Quae
708 2817 793 2880 enim
817 2816 948 2882 Servius
972 2832 1003 2882 et
1037 2815 1161 2880 Nonius
1186 2817 1225 2879 de
1243 2817 1472 2900 antiquissimis

142 2967 168 3012 N
246 2915 340 2980 rebus
363 2931 629 2996 commemorant,
660 2941 697 2982 ea
716 2941 779 2982 non
802 2925 905 2984 solum
927 2921 961 2984 iu
984 2920 1075 2983 initio
1104 2920 1222 3004 operis,
1244 2921 1298 2982 sed
1321 2921 1416 2984 etiam
1439 2922 1489 2985 in·

247 3019 362 3102 quavis
385 3019 589 3085 historiarum
612 3033 702 3106 parte
725 3035 852 3086 narrata
874 3046 942 3087 esse
964 3034 1138 3108 potuerunt
1154 3022 1189 3106 5).
1243 3020 1307 3086 Sed
1329 3046 1379 3087 res
1402 3047 1469 3087 om·

245 3121 320 3186 nino
343 3120 442 3186 dubia
465 3130 496 3186 st
517 3125 637 3188 incerta
659 3137 716 3188 est.
761 3124 873 3209 Neque
911 3127 995 3188 enim
1033 3125 1124 3190 Peter
1158 3123 1364 3208 probabiliter
1398 3149 1466 3190 eam

243 3223 339 3288 solvit
349 3225 395 3308 (p.
415 3223 714 3312 CCCXXVIIII).
761 3227 1055 3292 Monuithistoriois
1065 3226 1228 3292 veteribus
1242 3250 1358 3291 morem
1373 3229 1470 3294 fuisse

244 3325 388 3411 singulos
410 3328 567 3410 quosdam
590 3327 687 3394 libros
710 3345 838 3414 propter
860 3354 919 3408 res,
943 3333 1067 3415 quaein
1091 3331 1466 3418 eiscoutinerentur,pe-

242 3428 355 3494 culiari
378 3431 510 3494 notandi
534 3431 741 3516 inscriptione
756 3434 793 3510 ⁶),
816 3434 889 3496 inde
909 3435 974 3498 fieri
997 3434 1150 3518 potuisse,
1173 3443 1211 3498 ut
1226 3435 1321 3498 etiam
1335 3434 1468 3499 Sisenna

243 3536 294 3596 vel
317 3529 441 3596 Nonius
464 3533 668 3599 historiarum
691 3535 770 3598 libro
799 3535 903 3618 primo
937 3537 1103 3620 proprium
1138 3537 1198 3599 hoc
1233 3536 1321 3600 daret
1353 3560 1467 3602 nomen

238 3634 292 3700 ‘ab
323 3634 401 3698 urbe
435 3637 579 3701 eondita’.
641 3636 728 3701 Huic
750 3638 925 3701 sententiae
959 3639 1100 3722 primurn
1135 3641 1252 3714 obstat,
1297 3639 1383 3721 quod
1418 3641 1466 3704 Si·

241 3759 340 3802 senna
360 3738 423 3801 iam
446 3739 526 3806 libro
548 3741 653 3825 primo
674 3741 715 3804 ad
740 3739 858 3804 bellurn
874 3740 1220 3825 llarsicumproeessit,
1244 3741 1359 3804 deinde
1382 3744 1465 3823 quod

333 3930 364 4004 l)
389 3936 504 3996 Teuffel,
526 3935 597 3992 Hist.
620 3935 691 3994 liter,
714 3937 792 3992 Rom.
815 3937 856 3992 ed.
880 3937 922 3989 III
945 3955 971 4008 p.
996 3932 1067 4002 255,
1092 3936 1119 3993 3.
1177 3931 1210 4012 2)
1232 3936 1322 4002 Peter,
1356 3935 1375 3991 l.
1399 3953 1422 3995 c.
1440 3955 1465 4006 p.

241 4021 449 4078 CCCXXVIII.
497 4018 529 4092 3)
553 4021 666 4076 Sallust.
690 4021 755 4082 hist,
779 4023 878 4091 fragm.
902 4021 948 4077 lib.
972 4023 994 4091 l,
1009 4018 1187 4077 10—-130d,
1212 4020 1299 4078 Kritz.
1341 4015 1464 4097 4)Diod.

241 4106 339 4176 fragm.
364 4105 409 4162 lib.
433 4108 588 4176 XXXVII,
611 4125 633 4162 c.
659 4103 676 4161 3
699 4126 738 4178 sq,
761 4107 802 4163 ed,
826 4106 954 4165 Dindorf.
977 4108 1081 4169 Teulm,
1135 4103 1168 4181 5)
1203 4108 1246 4159 Ita
1268 4105 1398 4159 Krousins
1420 4109 1464 4160 ad·

247 4193 343 4246 ductus
366 4201 416 4260 est,
441 4203 471 4246 ut
494 4193 636 4248 Sisennam
659 4193 688 4245 in
710 4192 846 4263 prooemio
869 4191 930 4244 libri
954 4193 1004 4259 VI,
1028 4192 1072 4245 ubi
1095 4191 1242 4262 incepisset
1262 4193 1296 4247 de
1313 4192 1392 4245 rebus
1405 4194 1463 4247 Sul·

237 4276 281 4330 lae
303 4277 388 4348 gestis
409 4277 510 4343 dicere,
534 4277 724 4349 antiquissima
746 4287 869 4348 tempora
891 4277 1086 4347 perstrinxisse
1097 4287 1216 4347 putaret,
1240 4277 1293 4338 vid,
1310 4277 1462 4348 Adimam,

239 4360 297 4420 Vit,
321 4373 350 4418 et
365 4365 461 4435 fragm,
484 4373 537 4424 vet.
560 4363 682 4424 historic,
706 4365 784 4419 Rom.
807 4382 833 4434 p,
858 4361 929 4420 301.
984 4359 1008 4442 )
1031 4364 1067 4422 ct'.
1089 4363 1180 4431 Peter,
1204 4382 1232 4434 p,
1257 4363 1413 4422 CLXVIII.
