3132 4588
616 187 720 302 -49
775 275 818 287 -

693 428 745 490 78.

195 526 276 595 Noa
309 551 333 590 s.
369 551 397 594 v.
429 527 545 592 faselus
579 550 610 612 p.
633 527 696 592 534
728 528 864 593 Sisenna
891 529 1000 593 histor.
1033 528 1086 594 lib.
1120 529 1185 595 IV:
1218 531 1331 595 Prores

106 632 271 695 actuariae
293 631 376 716 trogi
400 630 537 716 grandes
559 651 596 694 ac
619 631 705 694 faseli
729 631 840 716 primo.
863 631 898 698 P.
922 633 994 699 105.

195 733 390 819 Fragmenta
414 734 506 798 modo
528 744 713 799 enumerata
735 756 774 798 ex
796 755 833 799 ea
865 735 968 820 operis
997 745 1086 820 parte
1118 735 1217 820 petita
1238 746 1328 814 sunt,

103 860 175 921 qua
199 837 331 902 Sisenna
354 859 403 902 res
427 838 600 902 maritimas
622 860 648 904 a.
671 837 804 922 tersas,
836 859 901 922 quo
923 838 1053 903 demum
1077 837 1212 902 Romani
1233 838 1326 904 classi

104 953 237 1026 praeter
258 963 328 1005 oras
352 939 548 1024 Campaniae
570 952 602 1004 et
624 939 764 1025 Apuliae
787 942 1001 1026 vagabantur,
1035 949 1073 1006 ut
1104 943 1260 1008 exercitus
1293 943 1327 1006 in

106 1044 249 1110 urbibus
282 1043 449 1108 maritimis
479 1043 705 1128 recuperandis
734 1043 939 1120 adiuvarent,
972 1044 1084 1128 attigit.
1118 1048 1156 1113 ci.
1180 1045 1331 1113 Momms.

105 1147 195 1214 Hist.
218 1147 310 1212 Rom.
335 1146 370 1210 11
392 1169 422 1231 p.
446 1148 506 1214 235
530 1170 602 1214 ann.
624 1185 666 1196 -
689 1146 739 1212 De
775 1145 895 1212 Stabiis
927 1149 1118 1232 expugnatis
1151 1161 1181 1214 et
1214 1149 1329 1214 dirutis

104 1251 177 1317 vid.
200 1251 281 1317 Plin.
304 1262 367 1316 aet.
390 1250 462 1317 hist.
488 1250 553 1327 ΙΙΙ,
576 1253 604 1315 9.

693 1356 744 1418 79.

196 1453 279 1544 Non.
301 1478 324 1522 s.
347 1478 375 1523 v.
396 1457 483 1521 labra
505 1480 535 1542 p.
557 1458 619 1523 449
643 1454 777 1520 Sisenna
800 1456 908 1519 bistor.
933 1453 987 1528 lib.
1011 1454 1074 1521 IV:
1096 1455 1247 1522 Innoxios
1270 1467 1331 1521 tre·

106 1557 275 1622 mentibus
297 1556 433 1624 artubus
456 1567 585 1644 repente
607 1558 745 1622 extrahit
769 1557 909 1641 atquein
932 1557 1157 1624 labresummo
1180 1557 1332 1628 fluminis,

102 1662 200 1727 caelo
223 1659 348 1724 albente
457 1661 492 1728 P.
518 1663 588 1726 103.

197 1761 298 1845 Quasi
320 1764 472 1826 orationis
494 1763 683 1846 particulam
706 1763 922 1846 fragmentum
945 1761 1097 1826 adhibent
1126 1762 1217 1828 codd.
1241 1763 1332 1831 Leid.

11 1901 12 1904 ¹
106 1863 271 1931 Wolfenb.
296 1864 424 1929 Letoa
448 1865 526 1950 (V),
548 1863 807 1930 cum‘extrahis'
840 1870 972 1929 formam
1010 1864 1154 1930 habeant.
1210 1865 1331 1930 Contra

12 2028 13 2048 ,
105 1965 519 2052 Iuniusscripsit‘extrahit
535 1968 753 2051 sistitque'.-
775 1967 879 2048 Quam
893 1990 958 2031 rem
972 1967 1023 2032 bio
1034 1968 1330 2032 commemoraverit

111 2071 255 2155 scriptor
276 2070 435 2136 nescimus
449 2071 486 2154 ¹).
532 2069 659 2136 Dixerit
681 2070 839 2155 quispiam
852 2071 1010 2154 pertinere
1021 2069 1116 2134 verba
1129 2070 1168 2134 ed
1193 2070 1332 2135 hostium

12 2154 14 2273 i
110 2177 230 2239 ducem
253 2173 404 2257 aliquem,
426 2173 482 2256 qui
505 2173 537 2236 in
562 2173 663 2258 captis
687 2173 838 2237 Romanis
861 2173 909 2238 vel
932 2173 965 2236 in
988 2174 1032 2237 eis
1046 2172 1174 2250 italicis,
1196 2173 1251 2256 qui
1268 2172 1333 2238 Ro-

113 2276 221 2340 manis
243 2275 338 2340 fidem
362 2274 601 2362 praestitissent,
625 2275 843 2340 crudelitatem
866 2277 1015 2342 exercuit
1059 2281 1097 2340 cl.
1122 2273 1217 2342 Diod.
1242 2278 1282 2342 37
1304 2296 1330 2340 c.

111 2379 244 2443 19-20
265 2378 330 2443 Dio
353 2379 389 2445 C.
412 2385 447 2445 fr.
470 2380 520 2456 38,
544 2381 570 2444 3.
615 2378 709 2459 Quod
742 2376 862 2442 fluvius
895 2388 1176 2455 commemoratur,
1209 2376 1332 2455 Dionis,

115 2481 176 2564 qui
199 2481 239 2546 de
250 2481 430 2546 Picentium
441 2481 565 2546 iniuriis
578 2482 682 2558 sociis,
706 2481 762 2565 qui
774 2505 793 2544 a
806 2480 1023 2546 Romanorum
1036 2491 1155 2545 starent
1177 2479 1332 2566 portibus,

115 2583 215 2648 illatis
236 2584 389 2669 loquitur,
412 2584 501 2649 locus
523 2583 567 2647 rei
590 2585 694 2668 aptior
715 2599 783 2662 est,
821 2585 865 2647 ita
897 2595 935 2648 ut
957 2583 1133 2662 Truentus,
1165 2604 1260 2666 quem
1293 2584 1333 2647 ad

115 2685 255 2752 fluvium
279 2685 439 2752 Asculum
463 2687 559 2752 situm
582 2688 680 2752 fuisse
703 2699 826 2750 constat
849 2687 944 2772 (Plin.
967 2694 1029 2752 nat.
1052 2687 1125 2752 hist.
1147 2687 1175 2761 3,
1201 2687 1239 2749 13
1263 2687 1334 2770 (18)

115 2792 149 2866 7,
172 2791 213 2854 43
238 2791 319 2874 (44),
342 2789 578 2874 intellegendus
601 2791 650 2854 sit.
695 2789 756 2856 Sed
779 2813 829 2854 res
851 2811 982 2874 prorsus
1005 2788 1125 2853 incerta
1145 2800 1208 2865 est,
1232 2809 1334 2870 neque

114 2891 194 2956 buia
215 2893 414 2956 coniecturae
436 2892 574 2956 multum
603 2892 794 2969 tribuimus,
827 2915 899 2956 cum
923 2891 1057 2955 Sisenna
1088 2912 1137 2954 res
1170 2891 1335 2968 eiusmodi,

113 3015 198 3076 quae
231 2995 323 3059 initio
359 2993 433 3058 belli
469 2995 672 3074 accidissent,
705 3002 819 3079 quarto
851 2995 982 3059 demum
1015 2993 1094 3058 libro
1128 2992 1213 3057 haud
1243 2993 1335 3057 facile

113 3097 265 3183 attigerit.

703 3203 753 3268 80.

202 3300 282 3368 Non.
305 3324 329 3370 s.
361 3325 391 3366 v.
414 3301 663 3368 crebritudiaem
697 3328 727 3389 p.
752 3305 792 3370 91
817 3302 953 3367 Sisenna
986 3301 1134 3366 historiae
1166 3299 1247 3364 libro
1269 3301 1335 3366 IV:

120 3403 203 3468 Nam
225 3405 420 3469 clandestina
441 3405 584 3471 celeriter
606 3408 747 3488 transigi,
768 3406 855 3490 apud
878 3417 970 3470 notos
993 3406 1129 3485 cogitata
1151 3405 1213 3468 dici
1237 3403 1341 3482 decet,

117 3527 181 3571 non
202 3507 374 3591 explanari.
395 3506 430 3574 P.
455 3509 523 3576 122.

203 3607 310 3674 Verba
332 3609 484 3674 videntur
506 3617 557 3676 vel
579 3611 619 3676 ad
643 3619 788 3678 senatum
822 3617 873 3677 vel
905 3610 945 3675 ad
980 3610 1175 3694 colloquium
1208 3608 1338 3694 aliquod

117 3711 281 3777 referenda
302 3732 379 3776 esse.
424 3711 534 3777 Potuit
557 3735 593 3779 ea
616 3713 711 3778 etiam
733 3715 902 3779 historicus
924 3713 1044 3788 dicere,
1077 3713 1134 3798 qui
1167 3712 1274 3796 aliqua
1297 3713 1337 3776 de

119 3836 153 3896 re
175 3834 252 3880 saue
274 3812 365 3877 nobis
387 3814 498 3899 ignota
520 3837 628 3881 secum
652 3815 875 3888 consideravit.

705 3920 755 3987 81.

205 4016 290 4090 Non.
312 4038 335 4084 s.
372 4041 400 4084 v.
423 4018 594 4085 dubitatim
628 4042 658 4106 p.
681 4023 722 4085 98
755 4020 890 4086 Sisenna
923 4021 1127 4087 historiarum
1160 4018 1242 4086 libro
1274 4017 1339 4086 lVr
1459 4042 1464 4050 ·

121 4159 323 4170 ..φ’-.-

205 4207 238 4296 1)
260 4215 296 4277 es.
319 4214 482 4288 Mommsen,
505 4214 539 4276 H.
551 4215 584 4275 R.
608 4206 663 4271 ΙΙΙ
686 4233 713 4287 p.
727 4211 787 4270 611
815 4234 882 4278 ann,
