3132 4588
759 227 963 302 ...13⁸

334 411 460 489 Riesius
483 423 528 510 (p.
551 425 605 506 55)
629 422 706 488 haee
728 422 825 488 verba
847 423 887 486 ad
915 423 1042 488 initium
1069 421 1139 486 belli
1170 421 1295 486 socialis
1317 415 1488 508 pertinere

249 533 348 604 ratus,
372 525 531 590 Immenos
554 525 717 610 intellegit,
739 525 796 609 qui
821 524 871 588 vel
894 547 934 588 ex
960 525 1083 610 Apulia
1113 524 1163 589 vel
1196 547 1234 588 ex
1258 525 1390 590 Samnio
1428 527 1486 592 iu·

249 629 372 707 teriore,
394 628 583 714 priusquam
607 627 760 692 Aesernia
789 627 830 692 ab
855 627 999 692 hostibus
1033 627 1251 712 obsideretur,
1287 641 1424 693 exeunte
1452 652 1483 692 a.

250 733 365 815 cessar
389 730 536 810 fugerint.

334 832 429 898 Peter
452 847 492 917 tp.
514 832 605 918 278),
640 834 665 896 si
689 833 721 896 in
745 833 818 896 libri
850 856 982 898 numero
1005 833 1165 898 offendere
1187 833 1290 909 liceat,
1313 835 1483 917 fragmen-

250 944 319 1002 tum
344 951 470 1000 revocat
502 936 542 999 ad
577 936 748 1020 proelium,
782 959 846 1018 quo
883 937 919 1002 L.
941 937 1052 1002 Julius
1076 937 1195 1002 Caesar
1229 935 1340 1000 consul
1375 959 1482 1022 prope

249 1039 438 1104 Aeserniam
462 1062 480 1102 a
504 1037 612 1102 Vettio
636 1039 756 1102 s'utoue
780 1040 884 1104 victus
908 1039 940 1102 iu
965 1047 1072 1121 fugam
1096 1062 1268 1104 conversus
1291 1052 1347 1104 est.

335 1142 399 1204 vid.
423 1141 563 1226 Appiau.
597 1142 636 1206 de
660 1143 687 1205 b.
714 1164 738 1208 c.
762 1142 788 1210 l,
815 1144 877 1206 41:
916 1142 1061 1220 (retrusa
1095 1150 1152 1222 pia
1174 1144 1289 1209 Acium·
1323 1145 1481 1224 argued)

263 1243 392 1312 Ἰούλιον
403 1245 596 1327 raptasset·
605 1270 638 1309 ts
649 1253 701 1310 καὶ
719 1251 885 1325 δισχιλίους
907 1253 1028 1324 κτείνας
1052 1251 1101 1312 ἐπὶ
1114 1253 1278 1328 Αἰσερνίαν
1299 1244 1394 1328 ἤλασε
1417 1247 1481 1327 (iro-

247 1339 431 1430 μαΐζὸνσαν.
455 1358 485 1411 et
508 1346 601 1412 Oros.
627 1347 665 1422 V,
691 1351 748 1414 18:
770 1348 879 1412 Julius
893 1348 1010 1411 Caesar
1033 1348 1226 1411 Samnitium
1251 1347 1480 1432 pugnavictus

246 1470 336 1516 caeso
359 1449 442 1534 fugit
464 1457 614 1514 exercitu.
639 1449 740 1514 Paulo
762 1451 894 1516 inferius
918 1452 1002 1514 euim
1034 1449 1127 1514 habet
1161 1450 1295 1516 Orosius
1328 1450 1479 1512 enuntia-

251 1567 321 1618 tum
346 1552 419 1618 boc:
439 1554 621 1636 ‘postquam
645 1553 731 1638 apud
746 1552 934 1617 Aeserniam
957 1554 1062 1618 victus
1084 1552 1271 1637 aufugerat.³

334 1653 424 1717 Haec
445 1665 553 1718 sutem
577 1653 691 1730 clades,
714 1676 811 1738 quam
825 1653 954 1718 Caesari
977 1678 1003 1721 a.
1026 1657 1141 1740 664190
1164 1654 1284 1718 illatam
1308 1675 1376 1718 esse
1400 1675 1478 1718 con·

249 1765 321 1832 stat,
344 1757 398 1818 vix
421 1756 524 1840 primo
548 1756 698 1821 Sisennae
721 1756 802 1820 libro
834 1757 1055 1834 narratafuit‚
1093 1758 1148 1820 sed
1185 1757 1290 1842 potius
1323 1758 1355 1820 iu
1393 1756 1476 1820 libro

250 1859 319 1923 eius
352 1859 492 1922 secundo
526 1859 576 1922 vei
610 1859 864 1926 dernumtertio.
915 1859 996 1924 Nam
1021 1861 1136 1924 Livius
1171 1882 1221 1924 res
1252 1884 1270 1923 a
1305 1858 1473 1924 tribunatu

251 1959 351 2026 Drusi
375 1983 477 2044 usque
499 1961 538 2024 ad
563 1961 716 2038 hiemem,
749 1983 830 2044 quae
864 1963 945 2026 inter
967 1985 1066 2026 annos
1090 1964 1204 2049 satsat
1229 1963 1474 2047 6166419016-

249 2063 401 2140 tercessit,
423 2077 529 2148 gestas
553 2069 624 2148 plus
648 2063 775 2128 ‹larobus
787 2063 876 2128 libris
901 2067 1127 2142 incensante,
1151 2070 1202 2141 71,
1225 2068 1281 2147 72)
1305 2065 1474 2149 descripsit

249 2178 281 2230 et
302 2164 383 2229 libro
406 2170 446 2232 73
469 2168 508 2230 ad
534 2191 581 2232 rcs
596 2192 622 2231 a,
647 2168 1121 2252 664J90enarrandasaccessit.
1168 2167 1354 2252 Fragmeuti
1373 2167 1476 2252 igitur

250 2291 404 2333 numerus
439 2271 452 2334 l
493 2271 583 2334 t'acile
623 2270 739 2334 mutari
773 2279 877 2354 potest
913 2271 944 2334 in
969 2271 1006 2334 lt
1029 2271 1078 2334 vei
1103 2270 1161 2336 111.
1207 2270 1269 2334 Sed
1304 2270 1411 2334 nescio
1434 2293 1474 2333 an
1561 2292 1562 2326 a

250 2369 347 2434 Riesii
369 2371 550 2436 coniectura
573 2374 778 2457 praeferenda
798 2375 848 2450 sit,
871 2395 944 2437 cum
969 2373 1043 2437 mihi
1068 2374 1198 2457 quidem
1212 2372 1355 2458 Appiani
1379 2371 1476 2436 verba

246 2471 310 2562 fiai
332 2481 496 2558 ntupum·
515 2474 617 2560 ἤλασέ
638 2489 668 2540 et
681 2476 787 2540 ()rosii
818 2476 918 2561 ‘apud
933 2477 1164 2541 Aeserniam-
1196 2475 1377 2558 aufugerat’
1400 2496 1475 2538 cum

250 2575 403 2642 Sisennae
427 2579 530 2643 verbis
555 2601 617 2642 nou
648 2579 692 2642 ita
715 2581 863 2663 componi
897 2603 989 2664 posse
1012 2580 1198 2652 videantur,
1230 2589 1268 2662 ¹ut
1302 2579 1341 2640 ad
1376 2600 1473 2642 unam

249 2679 448 2762 eandemque
470 2704 535 2746 rem
561 2682 746 2766 pertincant.
793 2681 1007 2746 Verisimilius
1031 2682 1114 2745 enirn
1140 2703 1207 2744 esse
1230 2693 1319 2764 puta,
1356 2679 1475 2744 Roaia-

251 2804 307 2844 nos
331 2782 482 2868 intellegi,
506 2785 561 2866 qui
586 2785 742 2848 seditione
766 2786 879 2848 Asculi
905 2794 988 2860 orta,
1011 2807 1084 2848 curn
1111 2785 1204 2846 etiam
1230 2783 1389 2845 Sanmites
1424 2784 1473 2846 vei

247 2884 309 2948 alia
343 2907 421 2970 gens
450 2887 585 2950 finitima
620 2888 737 2950 moveri
772 2888 966 2972 coepissent,
1001 2910 1039 2950 ex
1073 2911 1181 2950 eorum
1217 2885 1335 2950 finibus
1365 2893 1474 2964 sugere

248 2988 347 3052 coacti
371 2999 455 3065 snm,
478 3011 574 3072 qnam
598 2990 705 3074 copias
729 2989 782 3053 ilio
807 2991 924 3074 proelio
948 2993 1045 3065 fusas,
1079 3013 1161 3072 quae
1186 2990 1317 3053 ltomarn
1353 3001 1473 3072 petunt,

788 3195 866 3260 liber
888 3195 933 3259 11.

843 3407 869 3466 7.

332 3500 473 3568 Macrob.
496 3513 553 3565 sat.
576 3501 636 3578 VI,
659 3504 689 3579 4,
714 3505 762 3567 15.
817 3501 878 3567 Sed
913 3515 943 3566 et
967 3503 1097 3568 Sisenna
1131 3503 1163 3566 in
1198 3502 1339 3565 secundo
1375 3501 1469 3566 dixit:

247 3602 289 3668 Et
314 3603 413 3668 Marsi
436 3605 568 3690 propius
592 3607 769 3670 succedunt
792 3619 887 3688 atque
919 3608 964 3670 ita
987 3606 1086 3670 scutis
1110 3606 1256 3690 proiectis
1292 3605 1364 3669 tecti
1396 3628 1470 3668 saxa

247 3691 389 3771 certatim
413 3705 439 3794 †
461 3707 545 3770 lenta
569 3707 716 3772 inanibus
740 3709 902 3772 coniciunt
925 3709 958 3772 in
983 3709 1095 3773 hostes.

333 3809 381 3874 De
405 3809 508 3875 verbis
531 3811 688 3894 corruptis
713 3817 748 3874 ct·
774 3811 857 3876 Irud.
881 3811 1004 3888 «Ianus,
1039 3810 1139 3880 Macr.
1162 3833 1247 3895 oper.
1280 3811 1328 3874 ed.
1355 3810 1405 3874 vol
1430 3810 1470 3878 11.

247 3935 276 3998 Ρ.
300 3914 439 4080 52{brba
461 4017 618 4102 pertinere
641 4014 792 4079 videntur
813 4016 852 4079 ad
878 4015 1057 4080 Marsorum
1088 4016 1339 4102 expeditionem,
1371 4037 1466 4098 quarn

246 4157 449 4166 —-—-—.

334 4241 365 4310 11
401 4247 441 4300 Dc
470 4246 629 4301 Caesaribus
652 4244 709 4298 illis
732 4245 834 4298 duobus
858 4247 942 4300 Sexto
964 4244 1035 4298 Iulio
1058 4254 1085 4300 ct
1108 4244 1193 4298 Lueio
1215 4243 1286 4298 Iulio
1299 4245 1331 4298 ab
1344 4243 1467 4315 Appiano

245 4331 317 4388 iuter
339 4349 367 4386 se
389 4330 509 4385 confusis
532 4330 585 4392 vid.
611 4330 697 4384 Kiene
721 4349 745 4401 p.
769 4325 840 4391 204,
885 4331 921 4386 ef.
944 4329 1028 4383 etiarn
1052 4331 1122 4406 apud
1145 4349 1205 4383 eum
1227 4348 1254 4405 p.
1282 4325 1350 4384 194.
