3132 4588
680 462 731 530 29.

175 560 256 626 Non.
281 587 303 630 s.
327 587 354 628 v.
388 585 501 646 sagum
537 583 568 645 p,
593 563 663 626 538.
701 560 838 626 Sisenna
871 562 976 629 histor.
1010 561 1064 626 lib.
1088 563 1155 629 III:
1178 563 1315 628 Senatus

92 667 282 730 auctoritate
305 666 427 745 segario
449 687 543 732 nunc.
567 664 603 729 P.
629 667 677 730 12.

176 767 252 834 Sine
271 768 370 832 dubio
393 767 489 832 verba
511 769 588 832 haec
611 776 756 852 spectant
778 769 818 831 ad
852 768 944 833 illum
981 769 1132 834 nuntium
1169 769 1322 833 victoriae

92 869 146 955 (cf,
170 876 205 937 tr.
228 873 295 956 28),
319 893 383 954 quo
408 871 504 934 allato
527 879 639 936 senatu
653 882 782 936 auctore
800 879 980 956 populus
1003 872 1095 953 sagis,
1118 893 1200 955 quae
1221 872 1312 936 initio

91 971 162 1036 belli
186 985 376 1058 sumpserat,
398 974 509 1058 positis
531 981 637 1056 togam
658 975 771 1040 induit.
815 975 879 1038 vid.
904 975 976 1038 Liv.
1000 997 1050 1060 ep.
1076 981 1125 1041 73.
1181 973 1274 1040 Oros.
1296 973 1318 1046 l,

94 1099 114 1142 s.
137 1098 175 1149 s.,
198 1077 255 1158 qui
279 1090 466 1140 senatum
490 1099 605 1161 sagum
627 1078 772 1161 posuisse
795 1087 909 1140 narrat.

178 1179 288 1260 Quare
311 1179 418 1243 Riesio
442 1178 487 1264 (p.
510 1180 566 1263 60)
588 1179 826 1244 assentiendum
850 1191 913 1256 est,
946 1181 1002 1262 qui
1035 1179 1133 1245 verba
1167 1190 1318 1264 corrupta

89 1279 227 1366 ‘sagonia
252 1284 347 1346 nunc'
370 1283 506 1348 correxit
529 1286 563 1345 in
583 1281 671 1364 ‘saga
692 1283 844 1366 ponunt’,
877 1283 1020 1367 priorum
1045 1291 1152 1348 autem
1175 1283 1318 1348 virorum

93 1385 260 1448 doctorum
295 1386 511 1450 coniecturae:
547 1385 720 1450 Riccoboni
754 1396 784 1448 et
817 1383 949 1450 Schottii
980 1384 1068 1466 ‘saga
1101 1386 1252 1451 induunt’
1285 1398 1315 1450 et

93 1485 236 1571 Popnrae
257 1486 346 1568 ‘saga
368 1490 550 1553 surnuntur’
573 1495 623 1554 vel
652 1487 805 1572 ‘sumpta'
838 1509 901 1551 non
933 1495 1026 1572 aptae
1059 1488 1119 1552 hoe
1151 1495 1219 1553 loco
1253 1488 1313 1553 rei·

94 1589 222 1654 ciendae
263 1603 347 1654 sunt.
415 1589 482 1654 Neo
522 1592 597 1654 mihi
641 1591 745 1676 placet
777 1590 962 1672 Quicherati
1004 1591 1098 1656 lectio
1132 1591 1223 1677 ‘saga
1266 1613 1315 1655 re-

98 1693 222 1763 nuunt.

685 1798 736 1862 30.

179 1896 262 1965 Non.
286 1921 309 1962 s.
332 1923 358 1966 v.
381 1899 514 1964 adesum
536 1922 566 1984 p.
578 1901 627 1967 70.
649 1899 781 1966 Sisenna
803 1899 1007 1964 historiarum
1030 1898 1111 1964 libro
1121 1899 1187 1967 III:
1209 1899 1316 1966 Isdem

96 2001 293 2084 temporibus
316 1999 486 2066 Aesernini
513 2004 633 2087 duplici
656 2005 741 2068 fossa
762 2002 910 2085 valloque
933 2001 1122 2067 circumdati
1156 2008 1317 2067 frumento

98 2101 201 2180 adeso,
224 2103 312 2186 quod
336 2125 375 2166 ex
397 2105 477 2168 areis
500 2105 533 2168 in
555 2106 712 2190 oppidum
731 2115 894 2191 portatum
917 2115 974 2171 est.
998 2104 1035 2169 P.
1059 2107 1108 2172 16.

182 2204 275 2286 Quae
298 2207 414 2271 desunt
436 2207 541 2272 verbis
572 2209 598 2272 si
622 2208 809 2293 supplemus
842 2205 889 2270 ‘se
922 2206 1068 2272 hostibus
1100 2206 1252 2284 tradunt’,
1274 2207 1324 2272 hie

100 2329 241 2371 narrasse
264 2309 392 2398 ridetur
404 2309 548 2382 Sisenna,
571 2311 731 2394 quomodo
743 2309 901 2374 Aesernia
912 2309 1036 2373 colonia
1047 2309 1086 2394 ¹),
1110 2331 1207 2392 quarn
1220 2309 1324 2374 Italici

100 2411 161 2474 iarn
197 2411 300 2474 hieme
336 2435 362 2475 a.
387 2414 500 2497 tessal
535 2413 679 2500 obsidere
712 2419 906 2496 coeperunt,
939 2411 972 2474 in
996 2433 1105 2476 eorum
1129 2419 1318 2496 potestatem

100 2514 227 2578 venerit.
272 2514 367 2577 Livio
390 2531 496 2578 autem
519 2529 648 2582 anctore
672 2515 736 2601 (ep.
761 2517 816 2592 73)
846 2514 968 2578 colonia
1000 2535 1074 2578 cunr
1098 2513 1145 2582 M.
1169 2513 1321 2578 Marcello

102 2615 299 2682 Samnitibus
321 2618 438 2680 tradita
460 2626 516 2681 est.
561 2619 694 2685 Sisenna
715 2627 822 2682 tamen
854 2617 906 2680 hic
928 2618 1024 2680 etiarn
1059 2638 1185 2682 narrare
1207 2617 1323 2701 potuit,

104 2742 182 2802 quae
206 2719 367 2784 Diodorus
390 2721 458 2804 (lib.
480 2720 661 2788 XXXVII
685 2728 719 2788 fr.
744 2723 782 2787 19
805 2721 854 2786 ed.
869 2719 982 2804 Dind.)
1005 2731 1175 2796 memorat,
1207 2720 1324 2784 Aeser-

106 2824 194 2887 ninos
219 2825 303 2886 farne
325 2846 459 2907 pressos,
483 2847 589 2888 servos
612 2848 651 2889 ex
676 2823 754 2888 urbe
779 2847 837 2888 sua
859 2823 1028 2908 expulisse.
1073 2821 1231 2908 Apparet,
1253 2823 1323 2888 illos

103 2924 133 2988 id
154 2931 251 3010 paulo
273 2937 346 2990 ante
368 2939 492 3010 captam
517 2926 640 3005 urbem,
663 2929 795 2992 fortasse
817 2938 974 2991 autumno
997 2949 1022 2993 a.
1040 2929 1171 3012 664190,
1204 2927 1324 2998 fecisse.

105 3031 139 3095 cf.
161 3029 303 3113 Appian.
328 3027 355 3105 I,
377 3030 428 3096 41.

682 3136 731 3200 31.

188 3231 270 3297 Non.
294 3256 318 3300 s.
339 3256 369 3296 v.
393 3210 517 3300 lembus
538 3257 570 3318 p.
594 3236 664 3300 534.
709 3235 842 3302 Sisenna
864 3234 971 3298 histor.
995 3233 1050 3299 lib.
1063 3234 1124 3304 111:
1148 3233 1324 3300 Otacilium

105 3340 241 3422 legatum
265 3358 338 3400 cum
363 3336 489 3419 scaphis
511 3358 548 3400 ac
570 3335 693 3402 lembis.
738 3337 774 3402 P.
798 3339 846 3404 38.

685 3442 734 3506 32.

115 3523 118 3532 ’
186 3539 269 3604 Non.
294 3564 317 3607 s.
341 3564 369 3604 v.
392 3541 552 3606 actuariae
574 3564 604 3626 p.
627 3543 688 3608 535
712 3550 743 3608 et
760 3567 785 3608 s.
809 3567 837 3610 v.
854 3542 1014 3609 onerarias
1033 3564 1064 3626 p.
1075 3544 1146 3608 536.
1191 3541 1326 3607 Sisenna

15 3655 16 3662 ’
109 3643 177 3708 hist.
200 3643 255 3708 lib.
280 3643 350 3711 111:
373 3643 502 3726 Quibus
527 3643 639 3708 occisis
662 3647 819 3712 actuarias
831 3648 871 3712 ad
883 3645 1000 3732 viginti
1017 3645 1118 3723 navis,
1140 3644 1216 3710 item
1240 3667 1327 3710 conr-

111 3747 214 3830 plures
237 3745 396 3809 onerarias
418 3746 603 3812 incendunt.
648 3747 683 3814 P.
707 3751 756 3815 39.

189 3849 385 3934 Fragmenta
408 3871 447 3912 ex
471 3873 507 3914 en
529 3851 733 3914 historiarum
756 3864 846 3936 parte
868 3849 968 3934 petita
991 3857 1075 3926 sunt,
1099 3873 1163 3932 qua
1192 3849 1327 3914 Sisenna

111 3951 260 4016 derebus
283 3951 450 4014 maritimis
473 3977 498 4018 a.
522 3955 638 4038 664!th
673 3953 860 4038 disputavit.
902 3953 1121 4034 Intellegimus
1154 3951 1324 4028 Samnites,

110 4055 169 4138 qui,
191 4075 266 4118 curn
290 4053 484 4136 Campaniae
519 4056 689 4119 maximam
722 4068 844 4140 partem
883 4055 1071 4133 obtinerent,
1104 4053 1198 4118 etlam
1230 4051 1325 4116 urbes

112 4157 278 4222 uraritimus
301 4179 457 4241 occupare
479 4159 584 4222 conati
607 4166 699 4236 sunt,
733 4166 772 4224 ut
804 4157 1021 4224 Romanorum
1050 4157 1208 4223 exercitus
1237 4177 1324 4221 corn·

111 4299 306 4307 ————.--

191 4365 223 4452 1)
246 4371 289 4427 De
310 4388 343 4426 ea
365 4369 482 4427 deducta
506 4369 562 4430 vid.
584 4369 644 4430 Liv.
665 4368 730 4441 epit.
751 4367 797 4430 lib.
818 4369 890 4426 XVI
909 4372 940 4428 et
961 4368 1062 4430 Vellei.
1085 4367 1108 4441 1,
1133 4363 1180 4430 14.
1206 4367 1232 4430 7.
