3132 4588
780 235 1004 314 —as-‘

273 425 629 522 supersuuntur-17
666 441 741 502 latet
773 473 816 486 ·-·
844 434 926 500 bello
959 435 1066 501 sociali
1089 437 1258 503 auxiliares
1281 439 1503 516 interfuerint,
1555 509 1556 520 ρ

271 560 377 605 neone.

857 644 904 710 19.
1555 701 1556 704 ,

357 743 441 812 Non.
463 745 613 810 nominat.
636 766 695 830 pro
724 744 785 810 abl.
810 767 838 829 p.
861 748 923 814 502
946 745 1080 812 Sisenna
1113 746 1314 812 historiarum
1352 747 1406 816 lib.
1429 751 1502 816 111:
1555 755 1556 824 3

273 847 402 925 Omnia,
424 869 506 932 quae
528 847 670 911 diximus
692 847 761 910 lona
783 849 890 912 statim
916 849 1047 933 potitus.
1093 849 1129 916 P.
1153 851 1204 912 42.

359 935 599 1035 Quo⁵speotsnt
621 949 719 1014 verba
742 952 910 1018 nescimus.
956 951 1118 1015 Revoeare
1142 975 1178 1016 ea
1200 954 1335 1017 sortasse
1358 953 1430 1018 licet
1453 955 1496 1017 ad

272 1055 410 1140 Papium
435 1054 600 1131 Mutilum,
622 1055 677 1138 qui
702 1055 788 1117 brevi
813 1067 909 1117 totam
935 1053 1163 1138 Campaniam,
1187 1076 1261 1120 cum
1285 1057 1353 1120 eius
1376 1059 1499 1142 oppida

273 1158 324 1222 vel
347 1179 406 1222 sua
428 1168 541 1242 sponte
563 1143 609 1220 illi
632 1180 665 1221 se
688 1159 858 1234 dedissent,
882 1163 931 1222 vel
954 1157 1136 1241 proditione
1159 1165 1207 1222 vel
1233 1160 1263 1222 vi
1288 1173 1407 1239 coacta,
1430 1162 1498 1226 Ro·

256 1261 376 1324 manis
401 1261 525 1344 eripuit.
548 1263 588 1324 of.
614 1261 753 1346 Appian.
778 1259 808 1332 b.
831 1285 858 1328 υ.
882 1264 907 1339 Ι,
929 1265 980 1329 42.

853 1371 903 1432 20.

255 1507 256 1510 =
358 1465 439 1534 Non.
464 1467 615 1530 nominat.
639 1488 698 1551 pro
719 1466 781 1534 abl.
804 1489 832 1551 p.
856 1473 926 1534 502.
963 1467 1052 1532 ldern
1077 1466 1257 1555 [Sisenna]:
1282 1467 1394 1534 Hostis
1428 1477 1495 1535 looa

271 1569 435 1656 superiora
457 1567 561 1654 potiti.
583 1569 620 1635 P.
645 1573 714 1636 135.
738 1637 741 1644 ,

853 1675 902 1742 21.

358 1773 439 1842 Non.
452 1797 475 1838 s.
489 1797 518 1838 v.
531 1775 687 1858 dispalare
700 1799 730 1859 p.
754 1777 813 1840 101
827 1775 960 1842 Sisenna
972 1775 1176 1840 historiarum
1190 1775 1271 1840 libro
1296 1777 1308 1839 l
1316 1777 1364 1844 ll:
1386 1779 1493 1864 dispa-

269 1878 324 1944 lati
346 1879 385 1941 ah
408 1877 518 1962 signis,
542 1877 677 1962 digressi
699 1899 808 1943 omnes
831 1900 868 1942 an
891 1878 1047 1962 dissipati.
1071 1879 1107 1945 P.
1131 1881 1180 1944 35.

357 1979 465 2044 Verba
486 1990 560 2064 apte
582 1979 621 2042 de
641 1978 792 2045 Numidis
814 1981 1024 2046 auxiliaribus
1046 1981 1110 2046 illis
1132 1981 1195 2046 dici
1220 1996 1405 2067 potuerunt,
1427 1985 1493 2068 qui,

268 2104 342 2148 eum
355 2082 484 2166 plurimi
509 2103 617 2146 eorum
642 2083 752 2166 perfidi
778 2105 818 2146 ex
841 2085 980 2148 exercitu
994 2083 1138 2149 Caesaris
1161 2085 1300 2149 consulis
1323 2086 1364 2149 ad
1387 2087 1493 2151 hostes

269 2184 523 2270 transfugissent,
545 2208 564 2248 a
587 2183 724 2249 Caesare
746 2187 779 2248 in
802 2187 936 2270 patriam
961 2187 1048 2250 missi
1072 2199 1157 2252 sunt.
1181 2189 1374 2272 cfiAppian.
1400 2190 1494 2267 1,42:

270 2295 391 2368 Σέξτου
413 2294 444 2354 δὲ
467 2296 623 2371 Καίσαρος
647 2298 797 2355 Γαλατῶν
819 2289 932 2370 πεζούς
953 2299 1085 2373 μυρίους
1107 2299 1159 2356 καὶ
1184 2292 1493 2377 ΝομάδαςΜαυρου-

272 2399 359 2470 σιόυς
392 2397 502 2469 λππὲας
531 2399 583 2456 καὶ
603 2390 718 2472 πεζούς
740 2392 982 2474 προσλαβόντος
1011 2418 1044 2458 τε
1066 2400 1118 2458 καὶ
1136 2405 1322 2476 χωροῦντος
1355 2399 1405 2460 ἐπὶ
1438 2395 1492 2473 τὰς

275 2493 444 2576 Ἀχέρρας
468 2491 486 2560 ό
510 2495 633 2572 Πάπιος
657 2494 814 2573 Ὀξύνταν
837 2493 907 2560 deda
932 2495 1101 2577 Ἰογόρθου
1130 2507 1189 2562 τοῦ
1222 2499 1383 2575 Νομάδων
1416 2505 1491 2564 ποτὲ

271 2602 435 2676 βασιλέως,
458 2593 522 2662 ύπό
543 2595 714 2674 ιΡωμαίων
737 2601 770 2662 ἐν
786 2597 957 2682 Οὐενουσίᾳ
975 2599 1225 2679 φυλαττόμενον,
1248 2598 1359 2683 ἢγαγεν
1382 2605 1416 2667 ἐκ
1438 2614 1492 2685 τῆς

276 2698 483 2777 Οὐενουσίας
506 2707 558 2764 καὶ
580 2707 716 2781 περιθεὶς
740 2698 827 2785 αύτῷ
856 2701 1026 2783 πορφύραν
1059 2701 1221 2785 βασιλικὴν
1250 2706 1408 2768 ἐπεδείκνυ
1438 2714 1492 2768 θα-

268 2799 342 2879 μινά
363 2817 430 2879 τοῖς
454 2800 578 2878 Νομάσι
600 2818 667 2878 τοῖς
689 2801 747 2867 σὺν
764 2809 905 2882 Καίσαρι.
928 2811 1101 2868 πολλῶν
1124 2803 1150 2867 d'
1173 2802 1224 2880 ὡς
1246 2803 1351 2886 πρός
1376 2808 1492 2872 ἴδιον

270 2909 453 2984 βασιλέα
475 2903 837 2981 αὐτομολούντων
859 2903 1051 2988 ἀθρόως,
1074 2905 1179 2984 τούς
1207 2913 1279 2984 μὲν
1312 2909 1491 2987 λοιπούς

270 3004 665 3085 τῶνΝομάύωνώς
688 3005 927 3085 ὑπόπτους
951 3006 969 3073 ὃ
992 3021 1154 3092 Καῖσαρ
1177 3013 1217 3088 ἐς
1241 3011 1407 3094 Λιβύην
1430 3010 1490 3077 άπ-

270 3115 433 3191 έπεμψε.

850 3217 899 3280 22.

354 3313 435 3381 Νου.
458 3337 480 3380 s.
492 3337 519 3380 v.
543 3313 701 3399 dispalare
722 3338 752 3400 p.
766 3317 836 3380 101.
861 3318 947 3382 Idem
974 3316 1150 3404 [Sisenna]:
1174 3316 1397 3402 Tantoplurss
1419 3342 1490 3405 pas-

271 3417 332 3484 sim
354 3417 563 3503 dispalantur.
586 3417 624 3486 P.
643 3419 714 3486 134.

850 3530 901 3590 23.

356 3621 438 3690 Non.
461 3644 486 3690 s.
509 3645 540 3690 τ.
564 3624 778 3709 congenulars
800 3647 832 3709 p.
857 3629 897 3692 5⁷
921 3624 1056 3692 Sisenna
1087 3626 1289 3691 historiarum
1324 3625 1406 3690 libro
1430 3627 1491 3695 111:

271 3726 368 3791 Multi
390 3726 495 3812 plagis
517 3727 659 3792 adversis
682 3729 738 3792 icti
761 3739 791 3793 et
813 3728 1035 3809 congenuclati
1060 3729 1211 3794 Rauranis
1233 3729 1491 3818 praeeipitatis†

267 3829 329 3914 ipsi
352 3852 449 3915 supra
470 3829 571 3894 volvit
583 3830 615 3894 in
628 3842 734 3915 caput.
761 3831 796 3898 P.
809 3834 859 3898 33.
873 3830 1171 3917 -‘oongenuolati’
1193 3832 1388 3897 vocabulum
1410 3841 1490 3898 rente

268 3930 474 3998 Weruiokius
506 3932 647 3998 restituit
679 3955 720 3998 ex
742 3933 868 4018 prodito
888 3933 1134 4020 ‘oongsnulati'3
1164 3933 1315 3998 ‘Romani
1338 3937 1491 4022 praeeipi-

267 4035 335 4099 tati'
358 4036 503 4117 Scaliger,
523 4033 649 4101 ‘voluti’
671 4057 729 4121 pro
751 4036 885 4102 lectione
903 4036 1027 4101 ‘volvit’
1051 4037 1209 4101 Bentinus
1232 4039 1376 4117 comenia,
1399 4038 1490 4105 Peter

264 4136 433 4204 ‘Romanis
456 4139 673 4225 praecipitatis
696 4139 775 4224 ipsis
797 4161 896 4224 supra
918 4152 1016 4226 caput
1038 4141 1233 4208 volvuntur'.

353 4240 437 4307 Cum
461 4243 613 4326 desquis‚
635 4242 693 4326 qui
717 4243 939 4328 praecipitant,
961 4265 1065 4308 sermo
1086 4265 1154 4309 esse
1173 4243 1329 4322 videatur,
1351 4244 1489 4330 impetus

266 4341 405 4424 intellegi
429 4352 544 4430 potest,
566 4367 631 4430 quo
664 4344 789 4411 Marius
812 4344 990 4432 Egnatius,
1022 4346 1182 4412 sociorum
1205 4347 1291 4426 dux,
1324 4347 1488 4416 Caesarem
