3132 4588
598 273 800 338 ..19-

84 461 126 536 hi,
150 473 187 524 ut
208 460 287 524 aliae
307 469 419 544 pentes
441 460 545 524 hieme
565 483 592 525 a
614 462 727 523 663'91
752 467 784 522 et
805 461 922 543 cocao
944 469 1165 542 susceperunt,
1186 455 1226 520 ad
1250 456 1310 520 mi·

85 585 178 626 nores
201 563 418 627 Romanorum
441 564 548 647 coprias
570 585 628 648 per
661 563 784 626 ltaliam
807 563 966 645 dispersas
997 561 1116 626 linibus
1148 559 1311 646 expellen-

85 667 153 732 das.
205 666 352 732 Fortasse
384 667 493 752 agitur
527 667 567 729 sle
600 689 710 750 pugna
743 665 829 750 apud
852 664 971 728 Albam
994 664 1183 729 Fuoeutiam
1218 669 1310 742 mota,

82 791 169 852 quae
202 769 277 833 urbs
302 770 426 833 munita
459 791 533 832 cum
556 793 574 831 a
600 768 815 832 Romanorum
850 781 945 831 staret
978 766 1124 852 partibus
1156 767 1212 851 (ci.
1237 765 1309 833 Liv.

82 872 158 957 epit
183 873 238 956 72)
263 871 376 936 Marsis
398 873 615 956 expugnanda
636 883 711 938 erat

687 977 715 1038 8.

150 1075 373 1143 Macrohibid.
388 1077 428 1139 Et
440 1077 473 1138 in
486 1077 597 1140 eodem
606 1075 784 1164 [Sisenna]:
798 1075 900 1140 Vetus
910 1089 1007 1158 atque
1018 1077 1128 1159 ingens
1139 1087 1204 1140 erat
1214 1073 1310 1140 arbor

84 1178 160 1259 ilex,
181 1201 262 1262 quae
275 1180 396 1244 circum
408 1179 556 1264 proiectis
570 1179 664 1242 marris
678 1179 826 1242 rrraiorem
835 1189 957 1261 partem
968 1177 1027 1240 loci
1040 1178 1158 1241 summi
1171 1175 1310 1262 tegebat.

685 1284 714 1346 9.

173 1384 253 1452 Non.
275 1409 301 1457 s,
324 1409 353 1450 v.
378 1385 553 1449 remulcare
577 1407 609 1468 p.
632 1387 671 1447 57
696 1384 830 1450 Sisenna
852 1384 1002 1449 historiae
1023 1382 1080 1447 lib.
1107 1383 1160 1447 ll:
1183 1382 1218 1448 Si
1242 1403 1308 1466 qua

84 1487 231 1552 celeriter
254 1490 334 1553 solvi
355 1501 488 1573 poterat,
510 1489 543 1550 in
566 1494 666 1551 altum
687 1488 827 1578 remulco
849 1487 988 1554 retrahit.

172 1591 319 1656 Correxit
342 1591 469 1656 Riesius
490 1592 535 1676 (p.
559 1591 614 1675 58)
637 1590 709 1653 libri
733 1613 902 1654 numerum
928 1589 962 1653 ll
986 1591 1018 1654 in
1043 1589 1111 1666 lll,
1144 1589 1221 1673 quia
1244 1585 1310 1651 No·

84 1692 159 1756 nius
182 1715 342 1778 nusquam
364 1697 398 1757 in
420 1695 550 1776 altero¹)
584 1693 688 1776 capito
699 1698 881 1774 exemplum
905 1691 1131 1758 Sisenniauum
1165 1715 1203 1757 ex
1226 1691 1308 1756 libro

85 1793 122 1857 ll
145 1797 313 1860 coniunxit
333 1821 406 1862 oum
430 1797 585 1880 exemplis
607 1819 646 1860 ex
668 1796 756 1858 libris
779 1795 830 1861 111
852 1807 882 1860 et
905 1795 952 1861 IV
975 1797 1092 1880 petitis.
1116 1794 1179 1860 Sed
1203 1817 1308 1860 nonno

83 1898 117 1961 id
140 1921 217 1962 casu
238 1900 381 1964 accidere
413 1899 540 1985 potuit?
585 1897 690 1962 Verba
723 1909 830 1962 autem
864 1896 905 1961 ad
939 1919 1006 1962 rem
1040 1898 1183 1962 navalem
1217 1919 1307 1962 revo-

83 2000 187 2064 canda
209 2013 293 2068 sunt.

321 2253 331 2260 ξ
418 2161 480 2228 Ξ.
503 2160 968 2240 Argumentum

171 2309 262 2390 Quae
286 2313 460 2375 narraverit
482 2311 618 2376 Sisenna
639 2313 752 2396 primis
775 2313 900 2377 duobus
923 2311 1012 2375 libris
1034 2331 1230 2394 quamquam
1264 2329 1303 2373 ex

84 2433 197 2476 eorum
219 2414 403 2494 fragmentis
426 2415 595 2498 perpaucis
618 2435 681 2478 non
715 2414 809 2498 plane
841 2426 988 2500 apparet,
1023 2428 1127 2478 tamen
1160 2435 1200 2476 ex
1232 2409 1305 2475 libri

85 2515 170 2577 tertii
194 2515 336 2598 reliquiis
358 2517 435 2580 satis
457 2530 603 2582 accurate
625 2519 698 2580 licet
720 2519 871 2584 conicere.
925 2521 976 2581 Ao
1011 2517 1151 2602 primum
1174 2514 1305 2599 quidem

85 2618 123 2680 de
149 2618 310 2697 prooemio
333 2621 435 2704 operis
458 2620 628 2683 dicendum
653 2632 710 2697 est,
732 2621 818 2702 quod
842 2620 935 2703 quale
958 2621 1063 2698 luerit,
1087 2641 1164 2683 num
1187 2618 1227 2682 ab
1250 2639 1308 2681 sn·

85 2721 293 2803 tiquissinris,
326 2745 365 2786 an
401 2723 669 2808 apostorioribus
700 2723 789 2788 urbis
812 2723 1009 2810 temporibus
1042 2723 1211 2806 inceperit,
1245 2719 1305 2785 viri

86 2822 172 2886 docti
195 2823 229 2885 in
251 2826 498 2888 controversiam
533 2838 736 2890 vocaverunt.
781 2826 824 2890 Et
847 2826 1016 2910 anthime)
1045 2825 1175 2909 quidem
1198 2823 1307 2888 Sisen-

86 2948 159 2988 nam
182 2925 292 2989 eadem
315 2927 445 3004 ratione,
467 2950 532 3011 qua
554 2927 742 2992 Sallustium
766 2930 799 2991 in
821 2927 1001 2994 ‘Catilinae’
1023 2929 1184 3014 prooemio
1206 2926 1309 3013 expli·

84 3051 173 3092 casse
194 3027 378 3107 arbitratur,
399 3031 560 3112 quomodo
582 3031 761 3116 respublica
784 3033 928 3109 condita,
951 3035 1051 3113 agris,
1073 3029 1216 3108 civibus,
1239 3053 1308 3094 mo·

84 3129 176 3194 ribus
198 3139 310 3207 aucta,
342 3154 416 3196 cum
441 3155 543 3197 mores
576 3135 740 3218 paullatim
764 3136 844 3220 lapsi
867 3147 970 3199 essent
993 3146 1024 3199 et
1046 3133 1131 3198 cives
1155 3132 1308 3219 cupidine

83 3233 237 3319 pecuniae
260 3241 291 3297 st
312 3235 439 3319 imperii
462 3235 581 3299 incensi
595 3237 750 3312 luxuriae,
772 3237 949 3312 ambitioni.
972 3235 1124 3302 avaritiae
1145 3257 1178 3301 ss
1199 3235 1306 3301 dedis·

84 3347 166 3414 sent,
189 3357 339 3422 praeceps
361 3337 400 3400 ad
424 3337 588 3402 interitum
613 3341 736 3404 ruisset.

171 3438 268 3520 Quod
291 3438 452 3522 probabile
474 3462 542 3504 esse
567 3441 691 3505 lliesius
715 3442 844 3526 negavit
877 3442 922 3528 (p.
946 3443 1016 3527 oth:
1049 3441 1216 3507 Sisennam
1250 3441 1307 3507 de·

84 3541 249 3624 scriptioni
275 3541 347 3605 belli
372 3543 495 3605 socialis
517 3545 649 3608 avaritia
671 3557 700 3609 et
715 3544 879 3629 superbia
910 3545 1115 3630 optimatium
1137 3553 1169 3610 et
1191 3541 1306 3610 nobili·

85 3643 159 3706 tatis
182 3643 320 3721 conflati,
344 3645 457 3710 horum
482 3667 556 3709 cum
580 3661 685 3730 partes
708 3648 776 3732 ipse
798 3659 994 3731 sequeretur,
1026 3653 1088 3712 tale
1107 3647 1306 3732 prooemium

85 3746 287 3831 praemittere
311 3770 372 3812 non
397 3749 554 3832 potuisse,
577 3750 638 3814 nisi
665 3773 754 3814 veras
780 3749 852 3814 belli
874 3771 986 3816 causas
1009 3748 1167 3815 nobilitati
1192 3772 1305 3836 parum

85 3849 272 3913 honorificas
294 3861 349 3914 aut
372 3851 500 3916 reticere
522 3865 578 3916 aut
600 3865 771 3917 extenuare
794 3866 825 3918 et
849 3852 1018 3942 benignius
1040 3852 1239 3937 interpretari
1252 3877 1308 3918 vo-

86 3951 206 4016 luisset.
253 3951 334 4016 Nam
358 3952 454 4017 Nonii
488 3954 594 4019 verbis
626 3962 661 4022 fr.
684 3959 703 4019 3
727 3955 861 4021 Sisenna
894 3956 934 4021 ab
967 3955 1046 4022 urbe
1069 3955 1197 4021 condita
1219 3955 1307 4023 aliud

147 4093 290 4100 --.--.--

173 4197 204 4268 1)
228 4199 297 4254 Nam
320 4199 348 4253 in
370 4199 458 4271 primo
471 4201 553 4255 Nonii
575 4201 667 4273 capite
689 4211 800 4257 exstant
823 4211 930 4275 praeter
951 4201 1074 4257 ordinem
1098 4195 1138 4280 (p.
1151 4196 1306 4280 57),ouins

87 4295 127 4339 est
148 4287 182 4344 fr.
206 4283 235 4356 9,
257 4286 310 4340 duo
330 4295 436 4340 tantum
458 4287 622 4359 fragmento,
646 4307 679 4342 ex
701 4287 771 4343 libro
793 4289 833 4344 IV
855 4287 950 4360 petita.
1016 4283 1051 4362 2)
1069 4287 1101 4348 C.
1126 4288 1158 4346 L.
1181 4287 1255 4344 Roth
1278 4287 1306 4344 in

87 4369 181 4429 histor.
210 4369 306 4448 raliqq.
328 4370 357 4426 in
380 4370 502 4429 Sallustii
525 4372 590 4428 odit.
616 4373 692 4434 Gerl.
715 4383 816 4448 recept.
844 4371 924 4430 1852
947 4393 972 4451 p.
996 4370 1056 4436 369
1080 4393 1120 4452 sq.
