<?xml version="1.0" encoding="UTF-8"?>
<!DOCTYPE html PUBLIC "-//W3C//DTD XHTML 1.0 Transitional//EN"
    "http://www.w3.org/TR/xhtml1/DTD/xhtml1-transitional.dtd">
<html xmlns="http://www.w3.org/1999/xhtml" xml:lang="en" lang="en">
 <head>
  <title>
</title>
<meta http-equiv="Content-Type" content="text/html;charset=utf-8" />
  <meta name='ocr-system' content='tesseract 3.04.00' />
  <meta name='ocr-capabilities' content='ocr_page ocr_carea ocr_par ocr_line ocrx_word'/>
</head>
<body>
  <div class='ocr_page' id='page_1' title='image "./delcomeliisisen00schngoog_0031.png"; bbox 0 0 3132 4588; ppageno 0'>
   <div class='ocr_carea' id='block_1_1' title="bbox 779 275 958 343">
    <p class='ocr_par' dir='ltr' id='par_1_1' title="bbox 779 275 958 343">
     <span class='ocr_line' id='line_1_1' title="bbox 779 275 958 343; baseline 0.006 -21"><span class='ocrx_word' id='word_1_1' title='bbox 779 275 958 343; x_wconf 65' lang='lat'>..28-</span> 
     </span>
    </p>
   </div>
   <div class='ocr_carea' id='block_1_2' title="bbox 261 461 1495 1965">
    <p class='ocr_par' dir='ltr' id='par_1_2' title="bbox 265 461 1495 756">
     <span class='ocr_line' id='line_1_2' title="bbox 269 461 1495 547; baseline 0 -21"><span class='ocrx_word' id='word_1_2' title='bbox 269 462 389 547; x_wconf 91' lang='lat' dir='ltr'>proelio</span> <span class='ocrx_word' id='word_1_3' title='bbox 412 462 450 526; x_wconf 87' lang='lat' dir='ltr'>ad</span> <span class='ocrx_word' id='word_1_4' title='bbox 466 463 601 547; x_wconf 80' lang='lat' dir='ltr'>Lirim1)</span> <span class='ocrx_word' id='word_1_5' title='bbox 623 461 759 526; x_wconf 91' lang='lat' dir='ltr'>lluvium</span> <span class='ocrx_word' id='word_1_6' title='bbox 784 478 872 542; x_wconf 82' lang='lat' dir='ltr'>gesto</span> <span class='ocrx_word' id='word_1_7' title='bbox 896 463 1055 526; x_wconf 86' lang='lat' dir='ltr'>nrortiscro</span> <span class='ocrx_word' id='word_1_8' title='bbox 1078 463 1312 530; x_wconf 78' lang='lat' dir='ltr'>vulnereictus.</span> <span class='ocrx_word' id='word_1_9' title='bbox 1336 485 1409 526; x_wconf 87' lang='lat' dir='ltr'>curn</span> <span class='ocrx_word' id='word_1_10' title='bbox 1423 463 1495 527; x_wconf 82' lang='lat' dir='ltr'>vita</span> 
     </span>
     <span class='ocr_line' id='line_1_3' title="bbox 265 564 1494 650; baseline -0.002 -20"><span class='ocrx_word' id='word_1_11' title='bbox 265 567 450 642; x_wconf 70' lang='lat' dir='ltr'>excessism,</span> <span class='ocrx_word' id='word_1_12' title='bbox 483 587 556 629; x_wconf 85' lang='lat' dir='ltr'>curu</span> <span class='ocrx_word' id='word_1_13' title='bbox 581 565 649 628; x_wconf 90' lang='lat' dir='ltr'>aliis</span> <span class='ocrx_word' id='word_1_14' title='bbox 673 564 833 629; x_wconf 89' lang='lat' dir='ltr'>nobilibus</span> <span class='ocrx_word' id='word_1_15' title='bbox 867 565 965 630; x_wconf 89' lang='lat' dir='ltr'>caesis</span> <span class='ocrx_word' id='word_1_16' title='bbox 990 564 1123 628; x_wconf 80' lang='lat' dir='ltr'><strong>Romam</strong></span> <span class='ocrx_word' id='word_1_17' title='bbox 1148 566 1333 650; x_wconf 89' lang='lat' dir='ltr'>deportatus</span> <span class='ocrx_word' id='word_1_18' title='bbox 1356 577 1416 645; x_wconf 89' lang='lat' dir='ltr'>est,</span> <span class='ocrx_word' id='word_1_19' title='bbox 1451 573 1494 628; x_wconf 90' lang='lat' dir='ltr'>ut</span> 
     </span>
     <span class='ocr_line' id='line_1_4' title="bbox 265 669 724 756; baseline 0.004 -23"><span class='ocrx_word' id='word_1_20' title='bbox 265 669 395 754; x_wconf 91' lang='lat' dir='ltr'>publico</span> <span class='ocrx_word' id='word_1_21' title='bbox 418 671 528 756; x_wconf 72' lang='lat' dir='ltr'>funere</span> <span class='ocrx_word' id='word_1_22' title='bbox 550 669 724 735; x_wconf 82' lang='lat' dir='ltr'>efferretur.</span> 
     </span>
    </p>

    <p class='ocr_par' dir='ltr' id='par_1_3' title="bbox 261 769 1492 1965">
     <span class='ocr_line' id='line_1_5' title="bbox 349 769 1491 854; baseline -0.001 -20"><span class='ocrx_word' id='word_1_23' title='bbox 349 769 397 834; x_wconf 91' lang='lat' dir='ltr'>Ut</span> <span class='ocrx_word' id='word_1_24' title='bbox 419 785 525 834; x_wconf 88' lang='lat' dir='ltr'>autem</span> <span class='ocrx_word' id='word_1_25' title='bbox 549 772 588 834; x_wconf 92' lang='lat' dir='ltr'>dc</span> <span class='ocrx_word' id='word_1_26' title='bbox 613 771 724 835; x_wconf 84' lang='lat' dir='ltr'>Rutilii</span> <span class='ocrx_word' id='word_1_27' title='bbox 761 771 902 834; x_wconf 88' lang='lat' dir='ltr'>consulis</span> <span class='ocrx_word' id='word_1_28' title='bbox 925 771 1038 844; x_wconf 82' lang='lat' dir='ltr'>caede,</span> <span class='ocrx_word' id='word_1_29' title='bbox 1072 771 1116 834; x_wconf 87' lang='lat' dir='ltr'>ita</span> <span class='ocrx_word' id='word_1_30' title='bbox 1150 771 1190 834; x_wconf 88' lang='lat' dir='ltr'>de</span> <span class='ocrx_word' id='word_1_31' title='bbox 1214 771 1385 854; x_wconf 83' lang='lat' dir='ltr'>Caepionis</span> <span class='ocrx_word' id='word_1_32' title='bbox 1419 771 1491 834; x_wconf 89' lang='lat' dir='ltr'>eius</span> 
     </span>
     <span class='ocr_line' id='line_1_6' title="bbox 263 871 1490 960; baseline -0.001 -24"><span class='ocrx_word' id='word_1_33' title='bbox 263 873 360 960; x_wconf 81' lang='lat' dir='ltr'>legati</span> <span class='ocrx_word' id='word_1_34' title='bbox 385 882 484 938; x_wconf 89' lang='lat' dir='ltr'>morte</span> <span class='ocrx_word' id='word_1_35' title='bbox 510 874 633 936; x_wconf 83' lang='lat' dir='ltr'>variant</span> <span class='ocrx_word' id='word_1_36' title='bbox 657 875 771 950; x_wconf 91' lang='lat' dir='ltr'>nuntii,</span> <span class='ocrx_word' id='word_1_37' title='bbox 795 871 856 937; x_wconf 90' lang='lat' dir='ltr'>nisi</span> <span class='ocrx_word' id='word_1_38' title='bbox 879 875 964 956; x_wconf 90' lang='lat' dir='ltr'>quod</span> <span class='ocrx_word' id='word_1_39' title='bbox 978 882 1113 958; x_wconf 86' lang='lat' dir='ltr'>uterque</span> <span class='ocrx_word' id='word_1_40' title='bbox 1135 877 1168 936; x_wconf 92' lang='lat' dir='ltr'>in</span> <span class='ocrx_word' id='word_1_41' title='bbox 1191 874 1323 937; x_wconf 82' lang='lat' dir='ltr'>insidias</span> <span class='ocrx_word' id='word_1_42' title='bbox 1346 873 1490 937; x_wconf 89' lang='lat' dir='ltr'>hostium</span> 
     </span>
     <span class='ocr_line' id='line_1_7' title="bbox 263 971 1490 1062; baseline -0.001 -23"><span class='ocrx_word' id='word_1_43' title='bbox 263 975 413 1042; x_wconf 78' lang='lat' dir='ltr'>incidisse</span> <span class='ocrx_word' id='word_1_44' title='bbox 439 990 592 1040; x_wconf 82' lang='lat' dir='ltr'>narratur.</span> <span class='ocrx_word' id='word_1_45' title='bbox 638 974 701 1040; x_wconf 85' lang='lat' dir='ltr'>Sed</span> <span class='ocrx_word' id='word_1_46' title='bbox 725 997 799 1040; x_wconf 88' lang='lat' dir='ltr'>cum</span> <span class='ocrx_word' id='word_1_47' title='bbox 822 976 941 1059; x_wconf 87' lang='lat' dir='ltr'>quibus</span> <span class='ocrx_word' id='word_1_48' title='bbox 967 976 1111 1040; x_wconf 76' lang='lat' dir='ltr'>hostibus</span> <span class='ocrx_word' id='word_1_49' title='bbox 1134 976 1253 1062; x_wconf 84' lang='lat' dir='ltr'>Caepio</span> <span class='ocrx_word' id='word_1_50' title='bbox 1286 971 1490 1061; x_wconf 74' lang='lat' dir='ltr'>pugnaverit,</span> 
     </span>
     <span class='ocr_line' id='line_1_8' title="bbox 268 1077 1492 1163; baseline -0.002 -21"><span class='ocrx_word' id='word_1_51' title='bbox 268 1102 306 1142; x_wconf 86' lang='lat' dir='ltr'>ex</span> <span class='ocrx_word' id='word_1_52' title='bbox 319 1077 406 1141; x_wconf 85' lang='lat' dir='ltr'>Livii</span> <span class='ocrx_word' id='word_1_53' title='bbox 430 1078 568 1162; x_wconf 83' lang='lat' dir='ltr'>epitoma</span> <span class='ocrx_word' id='word_1_54' title='bbox 592 1081 632 1142; x_wconf 82' lang='lat'>73</span> <span class='ocrx_word' id='word_1_55' title='bbox 656 1101 719 1141; x_wconf 93' lang='lat' dir='ltr'>non</span> <span class='ocrx_word' id='word_1_56' title='bbox 743 1091 884 1163; x_wconf 89' lang='lat' dir='ltr'>apparet,</span> <span class='ocrx_word' id='word_1_57' title='bbox 907 1078 1014 1144; x_wconf 91' lang='lat' dir='ltr'>Orosii</span> <span class='ocrx_word' id='word_1_58' title='bbox 1037 1087 1143 1142; x_wconf 87' lang='lat' dir='ltr'>autem</span> <span class='ocrx_word' id='word_1_59' title='bbox 1166 1080 1347 1142; x_wconf 84' lang='lat' dir='ltr'>testimonio</span> <span class='ocrx_word' id='word_1_60' title='bbox 1365 1078 1492 1143; x_wconf 85' lang='lat' dir='ltr'>Vestini</span> 
     </span>
     <span class='ocr_line' id='line_1_9' title="bbox 261 1179 1492 1246; baseline -0.002 0"><span class='ocrx_word' id='word_1_61' title='bbox 261 1191 292 1246; x_wconf 91' lang='lat' dir='ltr'>et</span> <span class='ocrx_word' id='word_1_62' title='bbox 315 1179 415 1243; x_wconf 87' lang='lat' dir='ltr'>Marsi</span> <span class='ocrx_word' id='word_1_63' title='bbox 437 1202 476 1243; x_wconf 86' lang='lat' dir='ltr'>ex</span> <span class='ocrx_word' id='word_1_64' title='bbox 490 1180 614 1244; x_wconf 89' lang='lat' dir='ltr'>insidiis</span> <span class='ocrx_word' id='word_1_65' title='bbox 626 1194 846 1245; x_wconf 87' lang='lat' dir='ltr'>concurrentes</span> <span class='ocrx_word' id='word_1_66' title='bbox 869 1202 943 1245; x_wconf 92' lang='lat' dir='ltr'>eum</span> <span class='ocrx_word' id='word_1_67' title='bbox 966 1202 1040 1245; x_wconf 91' lang='lat' dir='ltr'>cum</span> <span class='ocrx_word' id='word_1_68' title='bbox 1059 1182 1198 1245; x_wconf 88' lang='lat' dir='ltr'>exercitu</span> <span class='ocrx_word' id='word_1_69' title='bbox 1227 1181 1266 1244; x_wconf 88' lang='lat' dir='ltr'>ad</span> <span class='ocrx_word' id='word_1_70' title='bbox 1298 1181 1492 1245; x_wconf 89' lang='lat' dir='ltr'>internecio-</span> 
     </span>
     <span class='ocr_line' id='line_1_10' title="bbox 262 1283 1490 1368; baseline 0 -22"><span class='ocrx_word' id='word_1_71' title='bbox 262 1283 539 1347; x_wconf 84' lang='lat' dir='ltr'>nemceciderunt.</span> <span class='ocrx_word' id='word_1_72' title='bbox 586 1283 734 1366; x_wconf 89' lang='lat' dir='ltr'>Denique</span> <span class='ocrx_word' id='word_1_73' title='bbox 748 1284 921 1368; x_wconf 83' lang='lat' dir='ltr'>Appianas</span> <span class='ocrx_word' id='word_1_74' title='bbox 944 1283 987 1367; x_wconf 80' lang='lat' dir='ltr'>(l,</span> <span class='ocrx_word' id='word_1_75' title='bbox 1009 1286 1066 1367; x_wconf 84' lang='lat'>44)</span> <span class='ocrx_word' id='word_1_76' title='bbox 1093 1283 1238 1349; x_wconf 81' lang='lat' dir='ltr'>fabulose</span> <span class='ocrx_word' id='word_1_77' title='bbox 1252 1284 1392 1360; x_wconf 84' lang='lat' dir='ltr'>tradidit,</span> <span class='ocrx_word' id='word_1_78' title='bbox 1416 1283 1490 1347; x_wconf 90' lang='lat' dir='ltr'>dolo</span> 
     </span>
     <span class='ocr_line' id='line_1_11' title="bbox 266 1385 1491 1472; baseline -0.001 -21"><span class='ocrx_word' id='word_1_79' title='bbox 266 1387 455 1472; x_wconf 89' lang='lat' dir='ltr'>Pompaedii</span> <span class='ocrx_word' id='word_1_80' title='bbox 478 1385 597 1450; x_wconf 80' lang='lat' dir='ltr'>Silonis</span> <span class='ocrx_word' id='word_1_81' title='bbox 622 1388 802 1451; x_wconf 86' lang='lat' dir='ltr'>Marsorum</span> <span class='ocrx_word' id='word_1_82' title='bbox 827 1386 919 1450; x_wconf 88' lang='lat' dir='ltr'>ducis</span> <span class='ocrx_word' id='word_1_83' title='bbox 942 1399 1071 1471; x_wconf 86' lang='lat' dir='ltr'>captum</span> <span class='ocrx_word' id='word_1_84' title='bbox 1096 1410 1171 1451; x_wconf 92' lang='lat' dir='ltr'>cnm</span> <span class='ocrx_word' id='word_1_85' title='bbox 1196 1411 1309 1471; x_wconf 85' lang='lat' dir='ltr'>magna</span> <span class='ocrx_word' id='word_1_86' title='bbox 1331 1387 1491 1450; x_wconf 85' lang='lat' dir='ltr'>exercitus</span> 
     </span>
     <span class='ocr_line' id='line_1_12' title="bbox 264 1489 1491 1575; baseline -0.002 -21"><span class='ocrx_word' id='word_1_87' title='bbox 264 1502 355 1575; x_wconf 86' lang='lat' dir='ltr'>parte</span> <span class='ocrx_word' id='word_1_88' title='bbox 376 1489 542 1553; x_wconf 85' lang='lat' dir='ltr'>interiisse.</span> <span class='ocrx_word' id='word_1_89' title='bbox 589 1489 682 1554; x_wconf 91' lang='lat' dir='ltr'>Illum</span> <span class='ocrx_word' id='word_1_90' title='bbox 707 1490 793 1553; x_wconf 89' lang='lat' dir='ltr'>enim</span> <span class='ocrx_word' id='word_1_91' title='bbox 818 1495 1015 1574; x_wconf 86' lang='lat' dir='ltr'>transfugam</span> <span class='ocrx_word' id='word_1_92' title='bbox 1040 1491 1206 1554; x_wconf 87' lang='lat' dir='ltr'>simulasse</span> <span class='ocrx_word' id='word_1_93' title='bbox 1229 1499 1261 1554; x_wconf 92' lang='lat' dir='ltr'>et</span> <span class='ocrx_word' id='word_1_94' title='bbox 1284 1489 1491 1574; x_wconf 86' lang='lat' dir='ltr'>Caepionem,</span> 
     </span>
     <span class='ocr_line' id='line_1_13' title="bbox 265 1591 1490 1677; baseline -0.004 -19"><span class='ocrx_word' id='word_1_95' title='bbox 265 1615 371 1677; x_wconf 89' lang='lat' dir='ltr'>quem,</span> <span class='ocrx_word' id='word_1_96' title='bbox 393 1613 468 1657; x_wconf 89' lang='lat' dir='ltr'>cum</span> <span class='ocrx_word' id='word_1_97' title='bbox 492 1591 583 1656; x_wconf 92' lang='lat' dir='ltr'>donis</span> <span class='ocrx_word' id='word_1_98' title='bbox 608 1591 802 1677; x_wconf 84' lang='lat' dir='ltr'>insignibus,</span> <span class='ocrx_word' id='word_1_99' title='bbox 826 1604 862 1656; x_wconf 92' lang='lat' dir='ltr'>ut</span> <span class='ocrx_word' id='word_1_100' title='bbox 884 1593 984 1656; x_wconf 89' lang='lat' dir='ltr'>servis</span> <span class='ocrx_word' id='word_1_101' title='bbox 1007 1591 1193 1670; x_wconf 87' lang='lat' dir='ltr'>infantibus,</span> <span class='ocrx_word' id='word_1_102' title='bbox 1228 1593 1339 1656; x_wconf 87' lang='lat' dir='ltr'>massis</span> <span class='ocrx_word' id='word_1_103' title='bbox 1363 1592 1490 1676; x_wconf 93' lang='lat' dir='ltr'>plumbi</span> 
     </span>
     <span class='ocr_line' id='line_1_14' title="bbox 267 1695 1490 1781; baseline -0.002 -21"><span class='ocrx_word' id='word_1_104' title='bbox 267 1718 346 1760; x_wconf 89' lang='lat' dir='ltr'>auro</span> <span class='ocrx_word' id='word_1_105' title='bbox 379 1705 574 1781; x_wconf 86' lang='lat' dir='ltr'>argentoque</span> <span class='ocrx_word' id='word_1_106' title='bbox 609 1695 829 1773; x_wconf 88' lang='lat' dir='ltr'>circumdatis,</span> <span class='ocrx_word' id='word_1_107' title='bbox 870 1696 1070 1773; x_wconf 90' lang='lat' dir='ltr'>donavisset,</span> <span class='ocrx_word' id='word_1_108' title='bbox 1111 1697 1300 1760; x_wconf 84' lang='lat' dir='ltr'>adhortatus</span> <span class='ocrx_word' id='word_1_109' title='bbox 1334 1704 1417 1759; x_wconf 88' lang='lat' dir='ltr'>esset</span> <span class='ocrx_word' id='word_1_110' title='bbox 1449 1695 1490 1758; x_wconf 90' lang='lat' dir='ltr'>ad</span> 
     </span>
     <span class='ocr_line' id='line_1_15' title="bbox 266 1798 1491 1883; baseline -0.002 -21"><span class='ocrx_word' id='word_1_111' title='bbox 266 1799 406 1863; x_wconf 88' lang='lat' dir='ltr'>hostium</span> <span class='ocrx_word' id='word_1_112' title='bbox 441 1809 560 1875; x_wconf 86' lang='lat' dir='ltr'>castra,</span> <span class='ocrx_word' id='word_1_113' title='bbox 602 1820 684 1881; x_wconf 87' lang='lat' dir='ltr'>quae</span> <span class='ocrx_word' id='word_1_114' title='bbox 718 1799 800 1863; x_wconf 89' lang='lat' dir='ltr'>duce</span> <span class='ocrx_word' id='word_1_115' title='bbox 832 1810 991 1868; x_wconf 88' lang='lat' dir='ltr'>carerent,</span> <span class='ocrx_word' id='word_1_116' title='bbox 1027 1800 1253 1883; x_wconf 87' lang='lat' dir='ltr'>opprimenda,</span> <span class='ocrx_word' id='word_1_117' title='bbox 1289 1798 1322 1861; x_wconf 91' lang='lat' dir='ltr'>iu</span> <span class='ocrx_word' id='word_1_118' title='bbox 1357 1799 1491 1861; x_wconf 88' lang='lat' dir='ltr'>insidias</span> 
     </span>
     <span class='ocr_line' id='line_1_16' title="bbox 266 1899 404 1965; baseline -0.022 -1"><span class='ocrx_word' id='word_1_119' title='bbox 266 1899 404 1965; x_wconf 91' lang='lat' dir='ltr'>duxisse.</span> 
     </span>
    </p>
   </div>
   <div class='ocr_carea' id='block_1_3' title="bbox 349 2108 1490 2295">
    <p class='ocr_par' dir='ltr' id='par_1_4' title="bbox 349 2108 1490 2295">
     <span class='ocr_line' id='line_1_17' title="bbox 349 2108 1490 2295; baseline 0.003 -26"><span class='ocrx_word' id='word_1_120' title='bbox 349 2205 432 2270; x_wconf 87' lang='lat' dir='ltr'>Non.</span> <span class='ocrx_word' id='word_1_121' title='bbox 466 2229 489 2272; x_wconf 90' lang='lat' dir='ltr'>s.</span> <span class='ocrx_word' id='word_1_122' title='bbox 522 2229 552 2272; x_wconf 90' lang='lat' dir='ltr'>v.</span> <span class='ocrx_word' id='word_1_123' title='bbox 587 2207 799 2291; x_wconf 86' lang='lat' dir='ltr'>inpotentiam</span> <span class='ocrx_word' id='word_1_124' title='bbox 831 2108 956 2295; x_wconf 49' lang='lat' dir='ltr'>pssliili.</span> <span class='ocrx_word' id='word_1_125' title='bbox 1008 2210 1141 2276; x_wconf 87' lang='lat' dir='ltr'>Sisenna</span> <span class='ocrx_word' id='word_1_126' title='bbox 1172 2209 1278 2273; x_wconf 85' lang='lat' dir='ltr'>histor.</span> <span class='ocrx_word' id='word_1_127' title='bbox 1316 2208 1398 2272; x_wconf 92' lang='lat' dir='ltr'>libro</span> <span class='ocrx_word' id='word_1_128' title='bbox 1422 2211 1490 2274; x_wconf 86' lang='lat' dir='ltr'><strong>III:</strong></span> 
     </span>
    </p>
   </div>
   <div class='ocr_carea' id='block_1_4' title="bbox 265 2309 1491 3521">
    <p class='ocr_par' dir='ltr' id='par_1_5' title="bbox 265 2309 1491 3521">
     <span class='ocr_line' id='line_1_18' title="bbox 266 2309 1459 2396; baseline 0 -20"><span class='ocrx_word' id='word_1_129' title='bbox 266 2309 420 2376; x_wconf 85' lang='lat' dir='ltr'>Sublatus</span> <span class='ocrx_word' id='word_1_130' title='bbox 442 2309 562 2372; x_wconf 86' lang='lat' dir='ltr'>laetitia</span> <span class='ocrx_word' id='word_1_131' title='bbox 585 2310 683 2376; x_wconf 86' lang='lat' dir='ltr'>nimia</span> <span class='ocrx_word' id='word_1_132' title='bbox 705 2324 801 2395; x_wconf 89' lang='lat' dir='ltr'>atque</span> <span class='ocrx_word' id='word_1_133' title='bbox 824 2313 1001 2396; x_wconf 86' lang='lat' dir='ltr'>inpotentia</span> <span class='ocrx_word' id='word_1_134' title='bbox 1023 2320 1202 2376; x_wconf 86' lang='lat' dir='ltr'>commotus</span> <span class='ocrx_word' id='word_1_135' title='bbox 1225 2311 1322 2376; x_wconf 88' lang='lat' dir='ltr'>animi</span> <span class='ocrx_word' id='word_1_136' title='bbox 1346 2311 1384 2378; x_wconf 84' lang='lat' dir='ltr'>P.</span> <span class='ocrx_word' id='word_1_137' title='bbox 1409 2313 1459 2376; x_wconf 84' lang='lat'>50.</span> 
     </span>
     <span class='ocr_line' id='line_1_19' title="bbox 350 2412 1489 2495; baseline -0.004 -17"><span class='ocrx_word' id='word_1_138' title='bbox 350 2412 403 2478; x_wconf 84' lang='lat' dir='ltr'>Ad</span> <span class='ocrx_word' id='word_1_139' title='bbox 416 2435 512 2495; x_wconf 85' lang='lat' dir='ltr'>quam</span> <span class='ocrx_word' id='word_1_140' title='bbox 526 2435 593 2476; x_wconf 90' lang='lat' dir='ltr'>rem</span> <span class='ocrx_word' id='word_1_141' title='bbox 606 2414 684 2477; x_wconf 88' lang='lat' dir='ltr'>lraec</span> <span class='ocrx_word' id='word_1_142' title='bbox 706 2413 804 2478; x_wconf 87' lang='lat' dir='ltr'>verba</span> <span class='ocrx_word' id='word_1_143' title='bbox 836 2417 1003 2478; x_wconf 82' lang='lat' dir='ltr'>referenda</span> <span class='ocrx_word' id='word_1_144' title='bbox 1025 2415 1104 2491; x_wconf 83' lang='lat' dir='ltr'>sint,</span> <span class='ocrx_word' id='word_1_145' title='bbox 1137 2427 1221 2478; x_wconf 90' lang='lat' dir='ltr'>certe</span> <span class='ocrx_word' id='word_1_146' title='bbox 1244 2414 1404 2478; x_wconf 81' lang='lat' dir='ltr'>affirmare</span> <span class='ocrx_word' id='word_1_147' title='bbox 1426 2436 1489 2476; x_wconf 90' lang='lat' dir='ltr'>non</span> 
     </span>
     <span class='ocr_line' id='line_1_20' title="bbox 265 2513 1491 2601; baseline -0.004 -19"><span class='ocrx_word' id='word_1_148' title='bbox 265 2517 367 2582; x_wconf 87' lang='lat' dir='ltr'>audeo</span> <span class='ocrx_word' id='word_1_149' title='bbox 410 2515 596 2580; x_wconf 87' lang='lat' dir='ltr'>Putaverim</span> <span class='ocrx_word' id='word_1_150' title='bbox 618 2517 663 2581; x_wconf 90' lang='lat' dir='ltr'>eis</span> <span class='ocrx_word' id='word_1_151' title='bbox 686 2517 816 2594; x_wconf 87' lang='lat' dir='ltr'>narrari,</span> <span class='ocrx_word' id='word_1_152' title='bbox 849 2519 1009 2601; x_wconf 91' lang='lat' dir='ltr'>quomodo</span> <span class='ocrx_word' id='word_1_153' title='bbox 1022 2519 1060 2582; x_wconf 84' lang='lat' dir='ltr'>L.</span> <span class='ocrx_word' id='word_1_154' title='bbox 1083 2517 1194 2582; x_wconf 81' lang='lat' dir='ltr'>dalius</span> <span class='ocrx_word' id='word_1_155' title='bbox 1218 2517 1336 2582; x_wconf 86' lang='lat' dir='ltr'>Caesar</span> <span class='ocrx_word' id='word_1_156' title='bbox 1368 2513 1491 2590; x_wconf 91' lang='lat' dir='ltr'>consul,</span> 
     </span>
     <span class='ocr_line' id='line_1_21' title="bbox 266 2615 1490 2704; baseline -0.003 -21"><span class='ocrx_word' id='word_1_157' title='bbox 266 2629 437 2704; x_wconf 87' lang='lat' dir='ltr'>postquam</span> <span class='ocrx_word' id='word_1_158' title='bbox 461 2619 500 2682; x_wconf 88' lang='lat' dir='ltr'>de</span> <span class='ocrx_word' id='word_1_159' title='bbox 522 2617 721 2684; x_wconf 88' lang='lat' dir='ltr'>Samnitibus</span> <span class='ocrx_word' id='word_1_160' title='bbox 743 2632 774 2684; x_wconf 89' lang='lat' dir='ltr'>et</span> <span class='ocrx_word' id='word_1_161' title='bbox 797 2621 940 2685; x_wconf 87' lang='lat' dir='ltr'>Lucanis</span> <span class='ocrx_word' id='word_1_162' title='bbox 970 2621 1135 2684; x_wconf 87' lang='lat' dir='ltr'>victoriam</span> <span class='ocrx_word' id='word_1_163' title='bbox 1169 2621 1307 2696; x_wconf 88' lang='lat' dir='ltr'>rettulit,</span> <span class='ocrx_word' id='word_1_164' title='bbox 1341 2641 1415 2682; x_wconf 92' lang='lat' dir='ltr'>cnm</span> <span class='ocrx_word' id='word_1_165' title='bbox 1449 2615 1490 2680; x_wconf 86' lang='lat' dir='ltr'>ab</span> 
     </span>
     <span class='ocr_line' id='line_1_22' title="bbox 265 2721 1489 2807; baseline -0.003 -21"><span class='ocrx_word' id='word_1_166' title='bbox 265 2723 406 2786; x_wconf 85' lang='lat' dir='ltr'>exercitu</span> <span class='ocrx_word' id='word_1_167' title='bbox 430 2745 488 2785; x_wconf 93' lang='lat' dir='ltr'>suo</span> <span class='ocrx_word' id='word_1_168' title='bbox 511 2723 683 2807; x_wconf 87' lang='lat' dir='ltr'>imperator</span> <span class='ocrx_word' id='word_1_169' title='bbox 706 2728 838 2787; x_wconf 84' lang='lat' dir='ltr'>vocatus</span> <span class='ocrx_word' id='word_1_170' title='bbox 861 2738 953 2800; x_wconf 87' lang='lat' dir='ltr'>esset,</span> <span class='ocrx_word' id='word_1_171' title='bbox 973 2724 1094 2788; x_wconf 88' lang='lat' dir='ltr'>laetitia</span> <span class='ocrx_word' id='word_1_172' title='bbox 1116 2729 1266 2807; x_wconf 90' lang='lat' dir='ltr'>perfusus</span> <span class='ocrx_word' id='word_1_173' title='bbox 1291 2723 1424 2786; x_wconf 82' lang='lat' dir='ltr'>Romam</span> <span class='ocrx_word' id='word_1_174' title='bbox 1448 2721 1489 2782; x_wconf 92' lang='lat' dir='ltr'>ad</span> 
     </span>
     <span class='ocr_line' id='line_1_23' title="bbox 266 2824 1490 2910; baseline -0.002 -21"><span class='ocrx_word' id='word_1_175' title='bbox 266 2833 412 2890; x_wconf 89' lang='lat' dir='ltr'>senatum</span> <span class='ocrx_word' id='word_1_176' title='bbox 437 2825 575 2910; x_wconf 72' lang='lat' dir='ltr'>miserit,</span> <span class='ocrx_word' id='word_1_177' title='bbox 609 2825 664 2908; x_wconf 92' lang='lat' dir='ltr'>qui</span> <span class='ocrx_word' id='word_1_178' title='bbox 687 2827 852 2890; x_wconf 86' lang='lat' dir='ltr'>victoriam</span> <span class='ocrx_word' id='word_1_179' title='bbox 877 2829 1069 2893; x_wconf 88' lang='lat' dir='ltr'>nuntiarent.</span> <span class='ocrx_word' id='word_1_180' title='bbox 1092 2833 1130 2889; x_wconf 85' lang='lat' dir='ltr'>cl.</span> <span class='ocrx_word' id='word_1_181' title='bbox 1154 2825 1246 2891; x_wconf 89' lang='lat' dir='ltr'>Oros.</span> <span class='ocrx_word' id='word_1_182' title='bbox 1270 2825 1309 2902; x_wconf 92' lang='lat' dir='ltr'>V,</span> <span class='ocrx_word' id='word_1_183' title='bbox 1335 2829 1382 2890; x_wconf 79' lang='lat'>18.</span> <span class='ocrx_word' id='word_1_184' title='bbox 1427 2824 1490 2886; x_wconf 90' lang='lat' dir='ltr'>Po-</span> 
     </span>
     <span class='ocr_line' id='line_1_24' title="bbox 266 2926 1490 3013; baseline -0.002 -21"><span class='ocrx_word' id='word_1_185' title='bbox 266 2940 397 2992; x_wconf 91' lang='lat' dir='ltr'>tuerunt</span> <span class='ocrx_word' id='word_1_186' title='bbox 420 2929 461 3012; x_wconf 73' lang='lat'>(⁸3)</span> <span class='ocrx_word' id='word_1_187' title='bbox 484 2926 580 2992; x_wconf 90' lang='lat' dir='ltr'>verba</span> <span class='ocrx_word' id='word_1_188' title='bbox 595 2929 690 2993; x_wconf 90' lang='lat' dir='ltr'>etiam</span> <span class='ocrx_word' id='word_1_189' title='bbox 714 2931 777 2993; x_wconf 88' lang='lat' dir='ltr'>dici</span> <span class='ocrx_word' id='word_1_190' title='bbox 800 2930 839 2992; x_wconf 91' lang='lat' dir='ltr'>dc</span> <span class='ocrx_word' id='word_1_191' title='bbox 862 2931 950 2994; x_wconf 90' lang='lat' dir='ltr'>exitu</span> <span class='ocrx_word' id='word_1_192' title='bbox 974 2929 1163 3013; x_wconf 59' lang='lat' dir='ltr'>ludaciliil),</span> <span class='ocrx_word' id='word_1_193' title='bbox 1195 2929 1352 2991; x_wconf 88' lang='lat' dir='ltr'>sociorum</span> <span class='ocrx_word' id='word_1_194' title='bbox 1388 2927 1490 3002; x_wconf 91' lang='lat' dir='ltr'>ducis,</span> 
     </span>
     <span class='ocr_line' id='line_1_25' title="bbox 265 3029 1490 3116; baseline -0.003 -21"><span class='ocrx_word' id='word_1_195' title='bbox 265 3032 321 3115; x_wconf 92' lang='lat' dir='ltr'>qui</span> <span class='ocrx_word' id='word_1_196' title='bbox 346 3031 470 3108; x_wconf 86' lang='lat' dir='ltr'>Asculi,</span> <span class='ocrx_word' id='word_1_197' title='bbox 494 3053 568 3094; x_wconf 91' lang='lat' dir='ltr'>cum</span> <span class='ocrx_word' id='word_1_198' title='bbox 591 3029 650 3094; x_wconf 91' lang='lat' dir='ltr'>sibi</span> <span class='ocrx_word' id='word_1_199' title='bbox 675 3034 899 3116; x_wconf 87' lang='lat' dir='ltr'>persuasisset,</span> <span class='ocrx_word' id='word_1_200' title='bbox 934 3033 1015 3096; x_wconf 90' lang='lat' dir='ltr'>hanc</span> <span class='ocrx_word' id='word_1_201' title='bbox 1048 3033 1184 3116; x_wconf 88' lang='lat' dir='ltr'>patriam</span> <span class='ocrx_word' id='word_1_202' title='bbox 1208 3030 1321 3095; x_wconf 92' lang='lat' dir='ltr'>urbem</span> <span class='ocrx_word' id='word_1_203' title='bbox 1345 3029 1433 3093; x_wconf 88' lang='lat' dir='ltr'>brevi</span> <span class='ocrx_word' id='word_1_204' title='bbox 1456 3030 1490 3092; x_wconf 92' lang='lat' dir='ltr'>in</span> 
     </span>
     <span class='ocr_line' id='line_1_26' title="bbox 266 3134 1489 3218; baseline 0.003 -21"><span class='ocrx_word' id='word_1_205' title='bbox 266 3135 485 3198; x_wconf 86' lang='lat' dir='ltr'>Romanorum</span> <span class='ocrx_word' id='word_1_206' title='bbox 508 3143 696 3218; x_wconf 87' lang='lat' dir='ltr'>potestatem</span> <span class='ocrx_word' id='word_1_207' title='bbox 720 3143 889 3200; x_wconf 84' lang='lat' dir='ltr'>venturam</span> <span class='ocrx_word' id='word_1_208' title='bbox 916 3158 992 3212; x_wconf 89' lang='lat' dir='ltr'>esse,</span> <span class='ocrx_word' id='word_1_209' title='bbox 1016 3143 1149 3199; x_wconf 70' lang='lat' dir='ltr'>naamam</span> <span class='ocrx_word' id='word_1_210' title='bbox 1173 3135 1232 3199; x_wconf 86' lang='lat' dir='ltr'>sibi</span> <span class='ocrx_word' id='word_1_211' title='bbox 1255 3134 1418 3199; x_wconf 87' lang='lat' dir='ltr'>conscivit.</span> <span class='ocrx_word' id='word_1_212' title='bbox 1449 3139 1489 3200; x_wconf 88' lang='lat' dir='ltr'>ct.</span> 
     </span>
     <span class='ocr_line' id='line_1_27' title="bbox 269 3235 1489 3321; baseline 0.002 -23"><span class='ocrx_word' id='word_1_213' title='bbox 269 3237 411 3321; x_wconf 88' lang='lat' dir='ltr'>Appian.</span> <span class='ocrx_word' id='word_1_214' title='bbox 436 3237 462 3313; x_wconf 92' lang='grc' dir='ltr'>Ι,</span> <span class='ocrx_word' id='word_1_215' title='bbox 485 3239 541 3301; x_wconf 86' lang='lat'>48:</span> <span class='ocrx_word' id='word_1_216' title='bbox 566 3290 572 3303; x_wconf 89' lang='lat'>.</span> <span class='ocrx_word' id='word_1_217' title='bbox 596 3289 603 3303; x_wconf 87' lang='lat'><strong>.</strong></span> <span class='ocrx_word' id='word_1_218' title='bbox 627 3286 633 3300; x_wconf 93' lang='lat'>.</span> <span class='ocrx_word' id='word_1_219' title='bbox 653 3246 705 3303; x_wconf 78' lang='lat' dir='ltr'>aad</span> <span class='ocrx_word' id='word_1_220' title='bbox 739 3239 936 3316; x_wconf 78' lang='grc' dir='ltr'><em>Ἰουὸακίλιος</em></span> <span class='ocrx_word' id='word_1_221' title='bbox 958 3235 1098 3315; x_wconf 73' lang='grc' dir='ltr'>μὶν’ὠδε</span> <span class='ocrx_word' id='word_1_222' title='bbox 1121 3245 1336 3320; x_wconf 68' lang='grc' dir='ltr'>φιλοτιμηθεὶς</span> <span class='ocrx_word' id='word_1_223' title='bbox 1358 3236 1489 3320; x_wconf 80' lang='grc' dir='ltr'><strong><em>πρὸτῆς</em></strong></span> 
     </span>
     <span class='ocr_line' id='line_1_28' title="bbox 265 3339 1489 3424; baseline -0.002 -20"><span class='ocrx_word' id='word_1_224' title='bbox 265 3346 416 3422; x_wconf 79' lang='grc' dir='ltr'><strong><em>πατρίδος</em></strong></span> <span class='ocrx_word' id='word_1_225' title='bbox 440 3339 623 3415; x_wconf 75' lang='grc' dir='ltr'><em>ἀποθανεῖν,</em></span> <span class='ocrx_word' id='word_1_226' title='bbox 647 3343 814 3424; x_wconf 73' lang='grc' dir='ltr'><em>κατελύθη,</em></span> <span class='ocrx_word' id='word_1_227' title='bbox 860 3341 921 3406; x_wconf 91' lang='lat' dir='ltr'>Sed</span> <span class='ocrx_word' id='word_1_228' title='bbox 945 3340 1022 3404; x_wconf 88' lang='lat' dir='ltr'>haec</span> <span class='ocrx_word' id='word_1_229' title='bbox 1045 3362 1112 3417; x_wconf 90' lang='lat' dir='ltr'>res,</span> <span class='ocrx_word' id='word_1_230' title='bbox 1136 3362 1209 3403; x_wconf 90' lang='lat' dir='ltr'>cum</span> <span class='ocrx_word' id='word_1_231' title='bbox 1233 3351 1318 3402; x_wconf 87' lang='lat' dir='ltr'>certe</span> <span class='ocrx_word' id='word_1_232' title='bbox 1353 3351 1489 3404; x_wconf 86' lang='lat' dir='ltr'>exeunte</span> 
     </span>
     <span class='ocr_line' id='line_1_29' title="bbox 267 3441 1407 3521; baseline -0.001 -15"><span class='ocrx_word' id='word_1_233' title='bbox 267 3442 347 3508; x_wconf 91' lang='lat' dir='ltr'>bello</span> <span class='ocrx_word' id='word_1_234' title='bbox 369 3443 529 3521; x_wconf 87' lang='lat' dir='ltr'>acciderit,</span> <span class='ocrx_word' id='word_1_235' title='bbox 552 3443 612 3506; x_wconf 86' lang='lat' dir='ltr'>alio</span> <span class='ocrx_word' id='word_1_236' title='bbox 634 3441 715 3506; x_wconf 86' lang='lat' dir='ltr'>libro</span> <span class='ocrx_word' id='word_1_237' title='bbox 737 3443 787 3507; x_wconf 91' lang='lat' dir='ltr'>vel</span> <span class='ocrx_word' id='word_1_238' title='bbox 809 3442 856 3508; x_wconf 95' lang='lat' dir='ltr'>IV</span> <span class='ocrx_word' id='word_1_239' title='bbox 875 3448 925 3506; x_wconf 90' lang='lat' dir='ltr'>vel</span> <span class='ocrx_word' id='word_1_240' title='bbox 948 3443 1078 3507; x_wconf 89' lang='lat' dir='ltr'>demum</span> <span class='ocrx_word' id='word_1_241' title='bbox 1104 3442 1131 3506; x_wconf 89' lang='lat' dir='ltr'>V</span> <span class='ocrx_word' id='word_1_242' title='bbox 1155 3442 1216 3506; x_wconf 86' lang='lat' dir='ltr'>fuit</span> <span class='ocrx_word' id='word_1_243' title='bbox 1242 3443 1407 3506; x_wconf 87' lang='lat' dir='ltr'>narranda.</span> 
     </span>
    </p>
   </div>
   <div class='ocr_carea' id='block_1_5' title="bbox 267 3637 469 3646">
    <p class='ocr_par' dir='ltr' id='par_1_6' title="bbox 267 3637 469 3646">
     <span class='ocr_line' id='line_1_30' title="bbox 267 3637 469 3646; baseline -0.015 -1"><span class='ocrx_word' id='word_1_244' title='bbox 267 3637 384 3646; x_wconf 50' lang='grc' dir='ltr'>’.ο-..-</span> <span class='ocrx_word' id='word_1_245' title='bbox 405 3638 469 3643; x_wconf 81' lang='grc'><em>,-.-...</em></span> 
     </span>
    </p>
   </div>
   <div class='ocr_carea' id='block_1_6' title="bbox 264 3752 1487 4344">
    <p class='ocr_par' dir='ltr' id='par_1_7' title="bbox 264 3752 1487 4344">
     <span class='ocr_line' id='line_1_31' title="bbox 353 3752 1487 3831; baseline -0.003 -20"><span class='ocrx_word' id='word_1_246' title='bbox 353 3752 385 3831; x_wconf 93' lang='lat' dir='ltr'>l)</span> <span class='ocrx_word' id='word_1_247' title='bbox 408 3756 489 3811; x_wconf 78' lang='lat' dir='ltr'>Falso</span> <span class='ocrx_word' id='word_1_248' title='bbox 512 3755 632 3823; x_wconf 85' lang='lat' dir='ltr'>fluvium,</span> <span class='ocrx_word' id='word_1_249' title='bbox 656 3775 740 3828; x_wconf 88' lang='lat' dir='ltr'>prope</span> <span class='ocrx_word' id='word_1_250' title='bbox 760 3777 840 3830; x_wconf 90' lang='lat' dir='ltr'>quem</span> <span class='ocrx_word' id='word_1_251' title='bbox 863 3777 956 3829; x_wconf 84' lang='lat' dir='ltr'>pugna</span> <span class='ocrx_word' id='word_1_252' title='bbox 978 3760 1052 3813; x_wconf 88' lang='lat' dir='ltr'>sacta</span> <span class='ocrx_word' id='word_1_253' title='bbox 1074 3766 1126 3824; x_wconf 87' lang='lat' dir='ltr'>ost,</span> <span class='ocrx_word' id='word_1_254' title='bbox 1150 3755 1288 3828; x_wconf 83' lang='lat' dir='ltr'>Appianas</span> <span class='ocrx_word' id='word_1_255' title='bbox 1306 3755 1390 3810; x_wconf 90' lang='lat' dir='ltr'>Lirim</span> <span class='ocrx_word' id='word_1_256' title='bbox 1403 3767 1487 3814; x_wconf 85' lang='lat' dir='ltr'>vocat.</span> 
     </span>
     <span class='ocr_line' id='line_1_32' title="bbox 264 3841 1483 3914; baseline 0.001 -18"><span class='ocrx_word' id='word_1_257' title='bbox 264 3843 331 3896; x_wconf 82' lang='lat' dir='ltr'>Erat</span> <span class='ocrx_word' id='word_1_258' title='bbox 352 3841 400 3897; x_wconf 86' lang='lat' dir='ltr'>illa</span> <span class='ocrx_word' id='word_1_259' title='bbox 422 3843 541 3896; x_wconf 87' lang='lat' dir='ltr'>Tolenus</span> <span class='ocrx_word' id='word_1_260' title='bbox 563 3841 677 3896; x_wconf 86' lang='lat' dir='ltr'>testibus</span> <span class='ocrx_word' id='word_1_261' title='bbox 701 3843 808 3905; x_wconf 84' lang='lat' dir='ltr'>Ouidio,</span> <span class='ocrx_word' id='word_1_262' title='bbox 830 3843 876 3914; x_wconf 87' lang='lat' dir='ltr'>qui</span> <span class='ocrx_word' id='word_1_263' title='bbox 898 3843 980 3898; x_wconf 85' lang='lat' dir='ltr'>otiam</span> <span class='ocrx_word' id='word_1_264' title='bbox 1003 3843 1075 3897; x_wconf 88' lang='lat' dir='ltr'>diem</span> <span class='ocrx_word' id='word_1_265' title='bbox 1097 3845 1155 3912; x_wconf 92' lang='grc' dir='ltr'>(ΙΙΙ</span> <span class='ocrx_word' id='word_1_266' title='bbox 1178 3852 1241 3896; x_wconf 85' lang='lat' dir='ltr'>ante</span> <span class='ocrx_word' id='word_1_267' title='bbox 1284 3842 1344 3895; x_wconf 89' lang='lat' dir='ltr'>idus</span> <span class='ocrx_word' id='word_1_268' title='bbox 1366 3841 1437 3896; x_wconf 89' lang='lat' dir='ltr'>luuii</span> <span class='ocrx_word' id='word_1_269' title='bbox 1460 3861 1483 3898; x_wconf 82' lang='lat' dir='ltr'>a.</span> 
     </span>
     <span class='ocr_line' id='line_1_33' title="bbox 265 3920 1485 4004; baseline -0.002 -22"><span class='ocrx_word' id='word_1_270' title='bbox 265 3920 394 4004; x_wconf 65' lang='lat'>664190)</span> <span class='ocrx_word' id='word_1_271' title='bbox 416 3927 537 3998; x_wconf 89' lang='lat' dir='ltr'>prodidit</span> <span class='ocrx_word' id='word_1_272' title='bbox 560 3924 648 4004; x_wconf 85' lang='lat' dir='ltr'>(Fast.</span> <span class='ocrx_word' id='word_1_273' title='bbox 673 3927 819 3998; x_wconf 80' lang='lat' dir='ltr'>V1.565}‚</span> <span class='ocrx_word' id='word_1_274' title='bbox 842 3939 870 3984; x_wconf 84' lang='lat' dir='ltr'>ct</span> <span class='ocrx_word' id='word_1_275' title='bbox 893 3928 990 3984; x_wconf 84' lang='lat' dir='ltr'>(lrosio</span> <span class='ocrx_word' id='word_1_276' title='bbox 1013 3931 1048 3998; x_wconf 91' lang='lat' dir='ltr'>V,</span> <span class='ocrx_word' id='word_1_277' title='bbox 1075 3926 1120 3988; x_wconf 78' lang='lat'>18.</span> <span class='ocrx_word' id='word_1_278' title='bbox 1172 3927 1202 3998; x_wconf 73' lang='lat'>2)</span> <span class='ocrx_word' id='word_1_279' title='bbox 1227 3930 1353 3988; x_wconf 83' lang='lat' dir='ltr'>cl&#39;.Oros,</span> <span class='ocrx_word' id='word_1_280' title='bbox 1376 3928 1411 3995; x_wconf 91' lang='lat' dir='ltr'>V,</span> <span class='ocrx_word' id='word_1_281' title='bbox 1437 3924 1485 3992; x_wconf 87' lang='lat'>18,</span> 
     </span>
     <span class='ocr_line' id='line_1_34' title="bbox 268 4011 1487 4086; baseline 0 -20"><span class='ocrx_word' id='word_1_282' title='bbox 268 4011 305 4066; x_wconf 80' lang='lat'>21</span> <span class='ocrx_word' id='word_1_283' title='bbox 331 4015 425 4068; x_wconf 83' lang='lat' dir='ltr'>cadem</span> <span class='ocrx_word' id='word_1_284' title='bbox 447 4014 491 4069; x_wconf 90' lang='lat' dir='ltr'>die</span> <span class='ocrx_word' id='word_1_285' title='bbox 514 4012 641 4068; x_wconf 87' lang='lat' dir='ltr'>Picentes</span> <span class='ocrx_word' id='word_1_286' title='bbox 665 4013 803 4086; x_wconf 85' lang='lat' dir='ltr'>congressi</span> <span class='ocrx_word' id='word_1_287' title='bbox 826 4023 855 4067; x_wconf 89' lang='lat' dir='ltr'>ct</span> <span class='ocrx_word' id='word_1_288' title='bbox 878 4015 943 4069; x_wconf 89' lang='lat' dir='ltr'>victi</span> <span class='ocrx_word' id='word_1_289' title='bbox 964 4025 1037 4082; x_wconf 86' lang='lat' dir='ltr'>sunt,</span> <span class='ocrx_word' id='word_1_290' title='bbox 1059 4033 1172 4085; x_wconf 88' lang='lat' dir='ltr'>quorum</span> <span class='ocrx_word' id='word_1_291' title='bbox 1195 4012 1253 4068; x_wconf 75' lang='lat' dir='ltr'>dus</span> <span class='ocrx_word' id='word_1_292' title='bbox 1270 4011 1487 4069; x_wconf 83' lang='lat' dir='ltr'>Vidacilr&#39;uscoa·</span> 
     </span>
     <span class='ocr_line' id='line_1_35' title="bbox 266 4097 1487 4172; baseline 0.001 -20"><span class='ocrx_word' id='word_1_293' title='bbox 266 4099 366 4153; x_wconf 73' lang='lat' dir='ltr'>vocatrs</span> <span class='ocrx_word' id='word_1_294' title='bbox 384 4098 555 4172; x_wconf 74' lang='lat' dir='ltr'>principibus</span> <span class='ocrx_word' id='word_1_295' title='bbox 577 4100 637 4154; x_wconf 79' lang='lat' dir='ltr'>suis</span> <span class='ocrx_word' id='word_1_296' title='bbox 654 4107 718 4171; x_wconf 85' lang='lat' dir='ltr'>post</span> <span class='ocrx_word' id='word_1_297' title='bbox 738 4097 896 4170; x_wconf 74' lang='lat' dir='ltr'>magnificos</span> <span class='ocrx_word' id='word_1_298' title='bbox 928 4099 1023 4172; x_wconf 79' lang='lat' dir='ltr'>epulas</span> <span class='ocrx_word' id='word_1_299' title='bbox 1045 4099 1180 4172; x_wconf 76' lang='lat' dir='ltr'>largaque</span> <span class='ocrx_word' id='word_1_300' title='bbox 1208 4097 1308 4170; x_wconf 80' lang='lat' dir='ltr'>pocula</span> <span class='ocrx_word' id='word_1_301' title='bbox 1329 4107 1436 4152; x_wconf 80' lang='lat' dir='ltr'>cunctos</span> <span class='ocrx_word' id='word_1_302' title='bbox 1451 4097 1487 4153; x_wconf 86' lang='lat' dir='ltr'>od</span> 
     </span>
     <span class='ocr_line' id='line_1_36' title="bbox 264 4182 1485 4258; baseline -0.002 -20"><span class='ocrx_word' id='word_1_303' title='bbox 264 4183 413 4255; x_wconf 76' lang='lat' dir='ltr'>ammplam</span> <span class='ocrx_word' id='word_1_304' title='bbox 436 4185 481 4239; x_wconf 83' lang='lat' dir='ltr'>sai</span> <span class='ocrx_word' id='word_1_305' title='bbox 497 4201 649 4257; x_wconf 85' lang='lat' dir='ltr'>provocans</span> <span class='ocrx_word' id='word_1_306' title='bbox 671 4182 767 4240; x_wconf 73' lang='lat' dir='ltr'>lausto</span> <span class='ocrx_word' id='word_1_307' title='bbox 790 4201 886 4240; x_wconf 80' lang='lat' dir='ltr'>ueneno</span> <span class='ocrx_word' id='word_1_308' title='bbox 909 4183 1070 4258; x_wconf 76' lang='lat' dir='ltr'>absumptus</span> <span class='ocrx_word' id='word_1_309' title='bbox 1097 4192 1137 4240; x_wconf 84' lang='lat' dir='ltr'>est</span> <span class='ocrx_word' id='word_1_310' title='bbox 1168 4183 1273 4240; x_wconf 84' lang='lat' dir='ltr'>cunctis</span> <span class='ocrx_word' id='word_1_311' title='bbox 1306 4185 1409 4240; x_wconf 84' lang='lat' dir='ltr'>sactum</span> <span class='ocrx_word' id='word_1_312' title='bbox 1431 4184 1485 4239; x_wconf 85' lang='lat' dir='ltr'>aius</span> 
     </span>
     <span class='ocr_line' id='line_1_37' title="bbox 266 4267 865 4344; baseline 0.01 -22"><span class='ocrx_word' id='word_1_313' title='bbox 266 4267 452 4339; x_wconf 85' lang='lat' dir='ltr'>laudantibus,</span> <span class='ocrx_word' id='word_1_314' title='bbox 474 4271 522 4326; x_wconf 88' lang='lat' dir='ltr'>sad</span> <span class='ocrx_word' id='word_1_315' title='bbox 545 4269 653 4326; x_wconf 88' lang='lat' dir='ltr'>nemine</span> <span class='ocrx_word' id='word_1_316' title='bbox 675 4271 865 4344; x_wconf 87' lang='lat' dir='ltr'>subsequente.</span> 
     </span>
    </p>
   </div>
   <div class='ocr_carea' id='block_1_7' title="bbox 0 0 1570 4588">
    <p class='ocr_par' dir='ltr' id='par_1_8' title="bbox 0 0 1570 4588">
     <span class='ocr_line' id='line_1_38' title="bbox 0 0 1570 4588; baseline 0 0"><span class='ocrx_word' id='word_1_317' title='bbox 0 0 1570 4588; x_wconf 95' lang='lat' dir='ltr'> </span> 
     </span>
    </p>
   </div>
  </div>
 </body>
</html>
