3132 4588
739 228 929 290 ...22-

223 419 313 486 didit.
357 417 523 482 Probabile
546 427 653 480 antem
677 426 735 490 cst,
757 436 830 477 eum
854 435 903 476 res
926 436 953 476 a.
977 411 1093 497 doujat
1119 448 1158 458 -
1181 431 1246 491 quo
1268 404 1345 472 socii
1369 407 1466 470 civi-

219 531 283 588 tate
306 544 369 586 non
391 531 522 604 accepta
544 541 607 583 non
630 524 732 582 solum
755 517 964 581 defectionem
988 514 1117 599 agitare,
1140 514 1193 576 sed
1217 511 1311 576 etiam
1329 509 1463 574 Roma-

221 625 270 690 nis
292 622 370 689 locis
400 622 562 690 nonnullis
595 619 661 686 vim
692 622 804 685 ailerre
828 622 880 704 (fr.
905 620 938 702 6)
973 623 1147 702 coeperunt
1175 652 1216 663 -
1250 619 1382 676 fortasse
1410 612 1459 676 ad

221 728 322 793 Drusi
345 741 478 792 mortem
500 726 582 790 libro
604 728 620 790 I
643 723 923 810 comprehendisse.
969 719 1050 783 Nam
1087 719 1138 782 illo
1170 729 1296 780 mortuo
1319 715 1459 781 Italico·

221 849 292 896 rum
321 852 394 915 spes
427 829 565 894 civitatis
587 827 805 912 impetrandae
816 827 910 910 plane
932 835 1113 889 evanuerat.

305 935 374 1000 Iam
398 933 573 1009 videamus,
595 953 676 1014 quas
697 947 756 993 res·
769 929 904 994 Sisenna
926 931 1024 994 altero
1036 932 1240 1000 historiarum
1264 936 1343 1000 libro
1366 943 1460 994 trae·

223 1037 344 1104 taverit.
389 1035 554 1100 Diseimns
577 1057 616 1098 ex
638 1039 673 1100 fr.
697 1037 714 1096 7
740 1033 803 1096 iam
831 1032 954 1096 Marsos
985 1035 1111 1099 hostilia
1133 1038 1252 1105 fecisse.
1296 1037 1459 1102 Sisennae

104 1219 106 1222 Ι
220 1139 320 1226 igitur
352 1151 425 1204 ante
455 1137 649 1203 narrandum
682 1148 759 1212 erat,
791 1137 980 1200 seditionem
1014 1139 1126 1202 Asculi
1157 1162 1224 1205 esse
1247 1141 1454 1205 concitatam.

222 1241 302 1306 lnde
324 1253 431 1306 autem
454 1240 644 1326 periculum,
667 1261 706 1302 ne
728 1245 835 1318 gentes
861 1239 1046 1304 Picentibus
1067 1241 1222 1308 finitimae
1244 1245 1337 1309 etiam
1352 1267 1370 1307 a
1383 1241 1454 1306 Ro-

223 1344 324 1408 manis
347 1342 526 1420 deficerent,
548 1343 580 1406 in
605 1342 671 1406 dies
694 1342 872 1422 augebatur
902 1365 1005 1425 neque
1031 1343 1172 1409 dubitari
1204 1354 1337 1431 poterat,
1369 1344 1454 1428 quin

223 1471 271 1512 res
294 1447 334 1512 ad
358 1469 446 1510 arma
470 1446 599 1511 veniret.
644 1445 751 1526 Quare
775 1444 912 1510 Romani
934 1446 1025 1510 initio
1049 1470 1106 1532 per
1128 1447 1248 1534 legatos
1262 1451 1289 1522 1)
1318 1448 1453 1514 seditio-

223 1573 297 1614 nem
320 1574 353 1614 se
375 1549 585 1634 comprimere
607 1570 700 1632 posse
724 1548 781 1614 rati
806 1570 879 1612 cum
903 1571 960 1632 spe
982 1549 1094 1614 deiecti
1126 1575 1200 1635 saga
1229 1552 1454 1638 sumpsissent,

223 1665 255 1718 et
280 1653 366 1718 cives
389 1666 420 1716 et
441 1651 561 1716 auxilia
584 1663 716 1714 externa
738 1650 1006 1734 conscripserunt,
1029 1654 1106 1717 socii
1129 1668 1237 1719 autem
1261 1678 1317 1740 spe
1340 1654 1454 1719 civita-

224 1755 264 1819 tis
286 1756 505 1840 impetrandae
528 1755 568 1818 ad
592 1755 717 1818 irritum
743 1753 867 1817 redacta
889 1753 929 1817 ad
951 1751 1067 1819 bellurn
1092 1771 1360 1824 consurrexerant
1382 1780 1452 1821 eos·

224 1882 296 1943 que,
318 1859 374 1942 qui
396 1858 550 1922 Romanis
580 1858 687 1922 adhuc
723 1857 818 1921 fidem
853 1868 1058 1941 praestarent,
1081 1861 1342 1932 sollicitaverunt.
1387 1859 1451 1925 Sed

224 1961 353 2046 utrique
374 1961 486 2038 hieme,
508 1982 591 2044 quae
612 1959 696 2024 inter
717 1981 818 2022 annos
841 1960 955 2045 sceler
980 1967 1012 2024 et
1035 1964 1152 2048 664j90
1163 1964 1351 2041 intercessit,
1374 1985 1450 2028 cum

226 2065 369 2129 nondum
393 2065 468 2127 satis
490 2071 617 2148 paratos
640 2083 673 2126 sc
694 2069 855 2146 putarent,
878 2063 910 2125 in
931 2064 1188 2147 expeditionibus
1204 2065 1379 2130 minoribus
1402 2066 1452 2130 in·

228 2167 341 2245 vicem,
374 2167 504 2232 urbium
536 2165 772 2230 obsessionibus
807 2176 838 2229 et
866 2166 1192 2251 expugnatationibas
1211 2171 1452 2252 acquieverunt,

229 2270 308 2333 dum
332 2291 405 2333 vere
427 2292 454 2332 a.
479 2268 596 2346 664t90
618 2269 685 2331 acie
708 2268 874 2332 decernere
896 2281 1032 2352 possent.
1078 2269 1166 2334 llaec
1189 2271 1361 2351 eanelargu
1384 2294 1452 2332 ma·

225 2371 305 2437 teria
326 2383 406 2449 erat,
430 2393 494 2454 qua
516 2369 694 2453 effingenda
717 2370 862 2446 Sisenna,
892 2393 988 2453 quem
1012 2371 1139 2455 copiose
1172 2375 1335 2458 scripsisse
1368 2381 1452 2458 frag·

229 2473 344 2538 ruentis
367 2472 532 2559 probatur,
555 2471 644 2536 facile
666 2471 785 2535 librum
807 2473 943 2536 alterum
976 2473 1125 2557 explevit.
1181 2476 1291 2558 Atque
1302 2483 1366 2538 tam
1390 2481 1451 2540 late

226 2577 295 2640 illas
318 2599 367 2640 rcs
390 2573 571 2660 depinxisse
595 2574 731 2653 videtur,
756 2582 793 2640 ut
815 2575 865 2638 vel
888 2575 972 2640 tertii
995 2575 1067 2640 libri
1103 2577 1194 2641 initio
1216 2577 1323 2642 adhuc
1345 2578 1385 2642 de
1407 2577 1450 2642 eis

225 2679 338 2765 egerit.

797 2918 879 3004 §a

515 3111 556 3176 ne
580 3108 648 3174 libri
670 3107 753 3174 tertii
777 3109 912 3193 reliquus
935 3110 966 3177 et
988 3111 1173 3192 araunenlo.

627 3336 702 3399 A.
725 3335 1052 3414 Reliquiae.

812 3490 858 3554 10.

254 3607 257 3613 '
317 3593 389 3658 Non
412 3618 437 3658 s.
462 3617 491 3660 v.
515 3593 639 3658 mittero
671 3615 701 3678 p.
726 3595 788 3658 348
822 3591 957 3658 Sisenna
991 3592 1061 3655 hist.
1095 3590 1148 3654 lib.
1175 3591 1249 3656 111:
1282 3589 1447 3654 Mulierem

235 3697 333 3762 missa
355 3697 418 3761 fide
440 3718 477 3760 ac
499 3695 616 3782 pietate
638 3707 768 3781 propter
800 3695 917 3760 amoris
946 3693 1057 3758 nefarii
1090 3693 1266 3760 lubidinem
1303 3693 1448 3766 extitisse.

233 3803 272 3867 P.
297 3804 348 3870 13.

316 3907 440 3991 Popma
462 3905 558 3970 verba
580 3904 716 3970 eontulit
735 3923 811 3995 pum
837 3901 925 3966 Livii
949 3900 1033 3986 epit,
1054 3903 1094 3964 72
1118 3900 1227 3966 hisces
1263 3899 1329 3966 Ser.
1351 3897 1449 3964 Galba

231 4065 434 4075 ——-——

319 4151 351 4224 ll
373 4154 444 4208 Nam
468 4157 525 4213 Ser.
548 4152 634 4208 Galba
659 4143 732 4221 (Liv.
759 4143 812 4224 72)
834 4167 866 4202 eo
889 4147 1012 4214 consilio,
1035 4166 1088 4219 quo
1110 4147 1240 4202 Servilius
1265 4145 1446 4218 proconsule-d

231 4241 358 4296 Picentes
374 4239 470 4294 missus
493 4247 545 4306 est,
568 4237 639 4308 apud
662 4237 785 4290 Lucanos
808 4243 928 4288 versatus
938 4232 1021 4288 fuisse
1032 4232 1150 4300 videtur,
1173 4241 1204 4286 ut
1214 4233 1249 4286 ab
1260 4232 1298 4290 eis
1320 4231 1446 4287 rationem

232 4325 391 4404 agitationis
413 4323 558 4382 seditiosae
580 4325 726 4396 repeteret.
