3132 4588
786 221 989 289 -40-

194 455 198 464 .
252 413 319 490 tino
340 413 465 500 impetu
488 431 659 499 oppressus
680 409 716 474 in
737 415 848 498 lugam
879 433 912 478 se
934 411 1145 477 converterit:
1167 461 1203 480 ..
1235 417 1288 478 καί
1309 421 1376 478 τῶν
1399 407 1489 478 ὑπο·

253 525 376 584 λοίπιον
398 514 618 598 σποράδην
640 514 935 596 διαφυγόντων
958 512 978 580 δ
999 519 1056 594 μέν
1079 522 1218 592 Μοτίλος
1240 521 1442 598 τραυματίας
1452 517 1488 591 ἐς

253 627 417 704 Αἰσερνίαν
439 618 511 684 σὺν
533 615 698 697 ὀλίγοις
720 621 981 698 κατέφυγεν.
1038 615 1134 698 Quod
1174 616 1307 680 sirecte
1340 615 1485 682 conieci,

253 744 327 788 cum
351 723 427 786 haec
449 743 498 786 res
520 743 549 789 a.
572 719 687 803 ecqce
711 719 871 797 acciderit,
904 741 979 784 sane
1008 718 1080 783 libri
1114 740 1266 786 numerus
1301 717 1487 784 mutendns

242 833 301 908 ,est
323 825 357 888 in
379 823 439 892 IV.
1180 819 1182 822 ¹

837 923 887 990 53.

339 1028 412 1094 Non
435 1051 459 1094 s.
482 1050 512 1093 v.
535 1026 665 1092 inermis
686 1048 718 1113 p.
741 1027 813 1096 492.
857 1025 993 1092 Sisenna
1015 1027 1123 1094 histor.
1146 1025 1202 1092 lib.
1229 1025 1293 1094 111:
1325 1025 1483 1110 Plerique

254 1133 384 1198 inermis
406 1133 440 1196 in
463 1141 565 1196 castra
588 1129 783 1216 perfugiunt.
805 1129 842 1194 P.
866 1133 917 1198 37.

339 1235 413 1317 Quo
436 1241 577 1320 spectent
599 1231 696 1298 verba
718 1244 802 1297 certe
823 1233 928 1298 dicere
957 1233 1135 1317 nequimus.
1187 1233 1331 1300 Conferri
1366 1235 1481 1300 nescio

254 1361 295 1403 an
318 1337 442 1424 possint
463 1359 537 1402 cnm
561 1334 704 1422 Appinni
726 1335 802 1399 locis
825 1336 912 1402 hisce
926 1337 975 1422 1).·
997 1335 1024 1414 I,
1046 1337 1105 1402 41:
1129 1347 1342 1420 Πρησενταῖος
1365 1343 1397 1404 δέ
1410 1338 1478 1405 Πό·

256 1452 348 1520 πλιος
370 1445 553 1524 Περπένναν
575 1446 698 1522 μυρίον
719 1438 845 1523 ἀνδρῶν
867 1435 1045 1522 ἡγούμενον
1075 1441 1228 1522 ἐτρέψατο
1264 1451 1316 1510 καί
1342 1445 1483 1508 ἔκτεινεν

256 1549 286 1624 ές
308 1550 590 1627 τετρακισχιλίους.
624 1548 676 1608 καί
708 1551 774 1608 τῶν
801 1551 924 1608 λοιπῶν
956 1551 1029 1607 τοῦ
1061 1548 1231 1622 πλέονος
1251 1550 1409 1629 μέρους
1431 1543 1482 1612 τὰ

256 1645 364 1714 ὅπλα
386 1648 510 1726 έλαβε.
554 1648 605 1710 vel
626 1641 733 1728 aptius
756 1643 781 1720 Ι,
802 1648 863 1710 48:
893 1649 1011 1725 Σέξτος
1039 1648 1071 1708 δέ
1100 1655 1221 1729 Καῖσαρ
1243 1683 1286 1694 -
1307 1651 1482 1731 ἐπέδραμεν

258 1749 387 1834 ἀνδράσι
400 1746 1056 1832 δισμυρίοιςμεταστρατοπεδεύουσί
1076 1772 1141 1823 ποι,
1164 1755 1216 1814 καλ
1226 1751 1359 1815 ἔκτεινεν
1370 1747 1482 1815 αὐτῶν

257 1857 287 1932 ἐς
309 1852 567 1932 ὀκτακισχιλίους,
590 1843 705 1914 ὅπλα
727 1874 768 1914 τε
790 1849 898 1916 πολὺ
914 1850 1120 1918 πλειόνων
1142 1853 1272 1932 έλαβε.

341 2055 423 2122 Νοο.
445 2079 469 2123 ε,
489 2079 520 2120 ν.
543 2059 604 2119 tela
626 2077 657 2140 p.
679 2055 750 2121 448.
772 1952 904 2120 sinisii
926 2055 1129 2122 historiarum
1152 2055 1208 2122 lib.
1220 2055 1289 2122 111:
1313 2054 1478 2121 Manualis

257 2161 379 2248 lapides
391 2158 548 2244 dispertit,
580 2164 746 2242 prepterea
767 2157 854 2240 quod
877 2157 904 2220 is
926 2179 1002 2244 ager
1023 2159 1126 2222 omnis
1156 2158 1312 2224 eiusmodi
1334 2156 1406 2223 telis
1430 2159 1481 2222 in·

260 2265 399 2352 digebat.
443 2261 480 2328 P.
502 2267 553 2329 23.

342 2467 414 2534 Non
437 2489 462 2532 s.
485 2489 515 2531 v.
540 2465 651 2530 binum
675 2465 799 2530 milium
823 2363 956 2532 nirbmerc
978 2489 1009 2551 p.
1029 2467 1083 2534 80.
1126 2465 1262 2532 Sisenna
1273 2466 1476 2534 historiarum

259 2573 340 2638 libro
363 2571 437 2638 111:
468 2569 522 2634 Ad
557 2567 670 2634 binum
700 2567 826 2636 milium
865 2590 997 2634 numere
1029 2570 1146 2636 snnciis
1180 2570 1342 2655 utrimque
1375 2573 1476 2648 factis,

261 2677 297 2742 P·
320 2678 472 2862 3{Quibus
494 2774 613 2862 pugnis
634 2777 711 2838 haec
732 2774 908 2854 fragmenta
938 2774 1108 2841 tribuenda
1136 2776 1211 2851 sint,
1241 2785 1381 2843 statuere
1414 2801 1475 2844 non

260 2905 431 2970 possumus
454 2899 557 2962 neque
580 2878 640 2942 hcc
661 2876 702 2942 ad
724 2887 841 2966 certam
864 2898 932 2941 rem
954 2899 1119 2947 revocare:

319 3087 426 3154 ‘Non
448 3109 473 3159 s.
496 3109 526 3151 v.
549 3082 693 3150 certatim
715 3103 746 3166 p.
770 3081 840 3149 516.
883 3081 1019 3149 Sisenna
1052 3083 1159 3150 histor.
1193 3083 1248 3150 lib.
1270 3085 1341 3153 111:
1365 3085 1471 3172 Atque

261 3192 358 3260 armis
380 3192 419 3258 de
441 3190 508 3255 vita
529 3186 675 3254 certatim
698 3183 849 3250 dimicare
872 3185 1041 3252 nitebatur.
1086 3186 1123 3252 P.
1147 3188 1196 3252 28.

345 3295 441 3360 Dicat
462 3291 623 3378 quispiam
646 3295 804 3354 certamen
828 3288 991 3375 singulare
1003 3289 1056 3354 hic
1067 3290 1250 3377 significari,
1273 3292 1476 3360 cuiusexem·

261 3401 315 3489 pla
335 3400 369 3465 in
393 3397 474 3464 bello
496 3394 604 3461 sociali
625 3397 719 3478 plura
743 3391 906 3471 habemus,
935 3404 972 3458 nt
1002 3394 1090 3478 apud
1124 3393 1305 3460 Diodorum
1339 3397 1405 3482 (lib.
1426 3402 1474 3476 37,

262 3507 318 3590 23)
340 3515 371 3570 et
393 3501 582 3588 Appianum
606 3495 649 3582 (1,
673 3496 740 3580 50).
784 3494 848 3560 Sed
870 3495 961 3574 illud,
982 3497 1069 3580 quod
1092 3497 1176 3562 inter
1211 3498 1425 3584 Lamponinm
1444 3513 1474 3566 et

264 3609 416 3673 Crassum
438 3606 536 3672 fuisse
558 3611 714 3677 narratur,
735 3598 824 3665 exitu
849 3597 921 3664 belli
943 3600 1149 3666 stntuendum
1171 3602 1395 3669 videturesse.

595 3865 657 3931 E.
681 3863 1145 3943 Argumentum

350 4019 528 4108 Explicatis
550 4015 623 4082 libri
646 4017 731 4080 tertii
755 4016 941 4097 fragmentis
964 4019 1172 4104 repperimus,
1193 4019 1297 4106 prima
1308 4041 1415 4087 eorum
1433 4021 1469 4090 nd

351 4247 384 4333 1)
409 4257 445 4315 cf.
467 4262 559 4327 potest
579 4253 662 4309 etiam
674 4245 752 4304 01¹0!-
776 4246 822 4314 (V,
837 4243 885 4314 18,
911 4241 965 4320 16)
995 4250 1069 4306 locus
1101 4248 1161 4306 hic:
1197 4249 1299 4304 Marias
1311 4248 1408 4306 deinde
1426 4268 1467 4308 sex

265 4337 342 4394 milia
363 4341 515 4398 Marsorum
534 4339 643 4410 cecidit,
664 4344 768 4410 septem
791 4336 866 4391 milia
887 4335 1011 4390 armis
1033 4355 1078 4392 ex
1088 4355 1106 4390 n
1117 4334 1126 4388 i
1137 4343 1158 4396 t,
