3132 4588
569 174 774 238 ...59-

32 368 170 426 tantur
209 371 365 424 tormenta
404 383 442 423 ac
484 360 544 424 tela
589 359 754 444 multaque
796 382 910 439 genera
954 359 1282 424 machinamentorum

36 463 80 530 P.
110 467 169 529 91.

646 569 714 631 124.

147 667 233 733 lion.
257 691 280 734 s.
303 691 332 731 v.
355 667 500 732 ballistae
522 691 554 752 p.
578 671 648 735 555.
671 669 803 734 Sisenna
826 669 939 737 histor.
961 666 1014 732 lib.
1038 668 1098 736 lV:
1136 669 1286 732 Ballistas

36 780 212 856 quattuor
234 771 423 836 talentarias.
446 771 482 834 P.
506 773 557 838 92.

142 875 341 956 Fragmenta
365 876 535 940 iro-124
556 881 589 938 et
610 875 649 938 de
673 873 1093 961 urbiumoppugnatoribus
1115 885 1146 937 et
1169 874 1208 936 de
1230 874 1285 938 ob·

38 980 163 1053 sessis,
186 981 242 1062 qui
266 1003 298 1043 se
321 978 545 1054 defenderunt,
566 977 780 1061 intellegenda
800 985 884 1042 sunt.
908 977 961 1040 Ad
975 978 1134 1041 Asculum
1166 984 1285 1054 autern,

40 1084 145 1166 quod
180 1084 269 1146 exitu
304 1105 331 1148 a.
353 1082 469 1166 scalas
505 1081 657 1163 Pompeio
692 1081 845 1144 traditum
879 1103 946 1144 esse
978 1086 1103 1144 constat
1123 1079 1211 1165 (Liv.
1235 1082 1285 1146 76.

41 1187 152 1252 Oros.
168 1185 207 1262 V,
232 1188 272 1250 18
288 1185 371 1266 fin),
394 1196 503 1248 utrum
521 1207 558 1248 ea
582 1200 665 1247 recte
688 1197 877 1248 revocentur
898 1207 939 1246 an
961 1185 1001 1246 ad
1024 1205 1075 1248 res
1097 1183 1286 1248 aCoscouio

43 1303 80 1352 et
110 1288 256 1352 Lucceio
278 1288 311 1350 in
334 1287 527 1354 Samnitium
549 1286 667 1351 finibus
699 1298 802 1366 gestas
825 1285 971 1350 dubitem
995 1287 1078 1351 licet.
1111 1287 1198 1372 (Liv.
1223 1289 1285 1361 75).

642 1391 712 1455 125.

148 1491 230 1558 Non.
253 1515 277 1556 s.
313 1515 343 1556 v.
377 1493 494 1556 laetare
530 1504 562 1557 et
594 1492 755 1557 laetiseere
788 1514 819 1576 p.
844 1494 906 1556 133
940 1491 1075 1557 Sisenna
1107 1492 1189 1556 libro
1223 1490 1286 1556 IV:

48 1596 223 1661 Utrumne
246 1596 312 1658 divi
336 1601 425 1659 cultu
448 1617 524 1679 erga
536 1617 569 1660 se
588 1595 770 1658 mortalium
781 1594 955 1672 laetiscant,
977 1618 1168 1681 ansnperna
1190 1616 1287 1680 agen-

49 1713 103 1763 tes
132 1699 274 1762 humana
297 1698 476 1783 neglegant.
499 1699 536 1766 P.
562 1700 634 1764 123.

147 1801 221 1881 Qua
243 1801 283 1866 de
317 1824 413 1866 eausa
435 1801 570 1866 Sisenna
597 1805 676 1864 haue
700 1801 906 1876 sententiam,
939 1822 1021 1884 quae
1055 1800 1287 1885 Epicureorum

18 1921 19 1994 l
51 1904 207 1968 doctrina
217 1905 321 1987 posita
334 1915 392 1986 est,
415 1903 594 1987 protulerit,
617 1905 769 1967 nonsatis
790 1911 929 1989 apparet
975 1902 1286 1968 ludieaveritnescio

18 1999 19 2060 l
52 2031 98 2070 an
124 2005 164 2069 de
186 2007 280 2069 simili
303 2029 336 2070 re
358 2019 455 2090 atque
478 2005 583 2070 lulius
605 2004 796 2089 Obsequens
818 2007 858 2092 (c.
881 2006 936 2090 55)
969 2023 1090 2082 aanor,
1127 2005 1284 2069 Rutilium

57 2112 200 2192 Lupum
224 2111 338 2193 spretis
361 2108 585 2193 religionibus,
619 2130 692 2173 cum
726 2110 759 2172 in
793 2109 874 2172 extis
898 2119 994 2192 caput
1029 2131 1092 2172 non
1114 2108 1288 2172 invenisset

55 2212 218 2289 iocineris,
239 2213 355 2275 amisso
377 2209 517 2276 exercitu
541 2211 575 2274 in
597 2211 718 2295 proelio
730 2211 871 2275 occisum
894 2233 972 2277 esse.
995 2247 1037 2259 -
1061 2210 1110 2275 De
1133 2210 1289 2276 sententia

58 2327 170 2378 autem
208 2315 260 2378 illa
282 2315 384 2399 placet
419 2317 562 2379 conferre
585 2313 748 2378 Ciceronis
771 2313 876 2377 locam
909 2314 947 2377 de
971 2313 1035 2381 div.
1058 2315 1109 2389 ll,
1143 2315 1201 2378 50:
1223 2312 1288 2396 pri-

62 2441 153 2481 mum
177 2417 261 2480 enirn
297 2418 357 2482 boc
378 2418 523 2482 sumitis:
553 2417 585 2482 Si
609 2423 685 2479 sunt
707 2417 753 2492 di,
793 2415 923 2481 benefici
958 2417 990 2480 ia
1025 2416 1167 2480 homines
1203 2427 1288 2485 sunt.

66 2521 150 2602 Quis
172 2523 229 2583 hoc
257 2519 348 2584 vobis
371 2521 481 2584 dabit?
535 2518 756 2604 Epicurusne,
789 2519 846 2601 qui
883 2531 975 2598 negat
1008 2518 1187 2601 quidquam
1212 2517 1288 2581 deos

64 2645 123 2687 nec
146 2621 240 2688 alieni
263 2644 374 2688 curare
397 2646 454 2688 nec
476 2623 550 2688 sui?
583 2645 624 2685 an
647 2627 755 2684 noster
777 2620 926 2685 Ennius?
954 2621 1012 2704 qui
1036 2642 1149 2705 magno
1171 2625 1286 2706 plausu

65 2725 208 2808 loquitur·
230 2727 427 2791 adsentiente
449 2731 582 2812 populo:

147 2827 228 2912 ‘Ego
250 2829 346 2893 deam
370 2851 472 2914 genus
495 2850 562 2892 esse
584 2848 709 2911 semper
731 2826 799 2890 dixi
823 2837 853 2891 et
876 2827 978 2890 dicam
1004 2825 1165 2904 caelitum,

150 2931 211 2995 Sed
243 2954 296 2996 eos
318 2955 381 2996 non
405 2952 515 2995 curare
538 2930 652 3015 opinor
674 2930 752 3012 quid
777 2939 850 3013 agat
872 2930 1050 2994 humanam
1073 2930 1195 3015 genus’.

642 3034 711 3099 126.

149 3133 233 3202 Non.
256 3161 280 3201 s.
304 3161 334 3200 v.
354 3136 481 3201 abunde
504 3158 534 3221 p.
557 3137 618 3200 516
644 3135 776 3202 Sisenna
798 3136 907 3200 histor.
930 3134 983 3200 lib.
1008 3134 1072 3200 lV:
1094 3134 1290 3202 Proiuseat-

66 3261 129 3324 que
149 3237 275 3304 abunde
307 3263 432 3324 semper
456 3239 507 3304 usi
530 3261 682 3324 magnum
706 3238 832 3322 pondus
855 3239 926 3302 auri
949 3238 1145 3324 argentique.
1170 3237 1205 3304 P.
1222 3243 1290 3304 101.

643 3344 712 3408 127.

149 3444 236 3508 ¹Fest.
260 3463 289 3528 p.
313 3446 375 3510 333
398 3467 423 3508 s.
446 3467 474 3509 v.
506 3444 613 3528 scrupi
638 3441 683 3510 M.
706 3443 811 3507 Corne
834 3442 911 3529 [lius
934 3442 1069 3508 Sisenna
1093 3441 1198 3506 histor.
1221 3440 1288 3527 lib]

72 3547 134 3613 lV:
154 3547 201 3610 his
226 3563 295 3612 tum
317 3547 415 3611 iniect
438 3546 492 3633 [us
514 3561 562 3610 est
583 3546 662 3610 levis
684 3544 870 3633 scrupulus]
893 3556 925 3610 et
947 3545 1103 3628 quaedam
1115 3542 1283 3610 dubitatio·

74 3651 110 3716 P.
134 3650 200 3713 124.

398 3909 459 3975 E.
483 3910 959 3990 Argumentum.

82 4131 87 4139 ,
153 4059 404 4145 Explicavimus
427 4071 584 4144 quantum
607 4061 674 4125 lieri
694 4069 808 4147 potest,
831 4031 1009 4148 fragmenta
1019 4058 1224 4124 historiarum

72 4164 116 4231 bri
137 4161 191 4238 IV,
216 4186 301 4228 nunc
321 4163 434 4248 paucis
456 4163 774 4254 comprehendamus,
809 4185 892 4246 quae
923 4164 962 4230 de
995 4161 1058 4228 illis
1082 4162 1238 4248 repperirn

76 4265 216 4334 Vidimus
238 4266 329 4332 initio
352 4265 425 4331 libri
448 4265 589 4346 consilia,
611 4287 694 4352 quae
717 4265 757 4332 de
781 4265 861 4332 bello
895 4265 1115 4354 componendo
1138 4264 1238 4332 babm
