3132 4588
731 254 838 319 ..30
890 288 932 299 -

223 436 381 502 meatibus
402 438 657 505 intercluderent.
702 438 837 504 Constat
859 439 1030 519 Romanos,
1053 463 1127 505 eum
1146 441 1303 520 timerent,
1326 463 1366 506 ne
1388 441 1446 504 ho·

224 552 287 606 stes
310 541 397 608 Latii
419 542 515 608 etiam
537 565 593 607 ora
614 542 800 626 potirentur,
823 542 986 608 libertinos
1009 543 1242 628 conscripsisse,
1265 543 1322 627 qui
1356 541 1445 606 illam

222 667 241 708 a
255 644 369 726 Cumis
383 645 461 712 urbe
474 667 577 730 usque
588 645 628 710 ad
641 645 767 711 Ostiam
781 647 992 711 defenderent.
1015 652 1053 712 ef.
1065 647 1207 732 Appian.
1219 649 1245 730 I,
1268 649 1309 713 43
1328 659 1359 710 et
1371 647 1446 712 Liv.

223 749 298 834 epit.
321 751 372 816 74.
418 747 494 832 Quo
515 751 636 813 sactum
661 760 718 826 est,
740 759 776 813 ut
800 748 937 813 Romani
960 749 1149 834 perieulum,
1172 771 1211 812 ne
1233 749 1312 814 urbs
1334 751 1447 834 ipsae

224 851 303 916 mari
326 851 499 916 interclusa
521 857 603 916 fame
626 858 834 936 premeretur,
857 852 1043 936 effugerent.
1065 877 1107 901 -e
1151 853 1233 934 Quis
1267 855 1361 917 fuerit
1395 853 1447 918 ille

225 951 384 1019 Otacilius
406 955 543 1042 legatus,
564 974 638 1018 cum
662 955 748 1040 apud
782 955 950 1038 scriptores
983 955 1073 1020 uobis
1103 967 1243 1020 servatos
1273 955 1364 1020 nulla
1392 955 1448 1021 fiat

224 1055 292 1122 eius
316 1058 444 1138 mentio,
466 1058 635 1126 nescimus.
1124 1073 1126 1078 '

808 1166 856 1227 33.

309 1261 381 1328 Non
401 1287 427 1336 s.
450 1287 479 1332 v.
500 1271 630 1349 propter
659 1286 689 1348 p.
715 1265 786 1330 367.
830 1262 964 1330 Sisenna
986 1263 1189 1328 historiarum
1210 1263 1263 1331 lib.
1274 1263 1344 1330 111:
1369 1264 1449 1330 Par-

224 1371 287 1429 tem
311 1367 486 1432 cohortium
510 1374 640 1452 propter
662 1389 748 1432 mare
770 1372 902 1430 collocat
923 1367 957 1429 in
978 1366 1078 1432 litore.
1122 1366 1158 1433 P.
1180 1369 1230 1430 22.

309 1467 416 1534 Verba
438 1471 602 1556 aptissime
625 1469 689 1534 diei
712 1477 888 1554 potuerunt
910 1469 949 1534 de
971 1491 1083 1554 pugna
1095 1469 1183 1554 apud
1195 1469 1342 1534 Firmum
1356 1477 1450 1538 faeta.

226 1570 265 1634 Id
289 1571 374 1636 enim
397 1574 437 1638 ad
461 1595 546 1638 mare
568 1572 771 1638 Adriaticum
795 1573 892 1638 situm
915 1572 1013 1636 fuisse
1035 1585 1167 1640 constat.
1216 1573 1448 1656 Fragmentum

225 1672 327 1757 igitur
350 1713 391 1724 —
413 1677 440 1741 si
464 1687 547 1742 reete
564 1675 759 1742 coniecimus
781 1714 823 1724 -
844 1676 952 1740 autad
965 1675 1163 1753 Latrenium,
1187 1669 1449 1760 quiPompeium

227 1773 337 1840 Firmo
360 1783 504 1846 clausum
528 1777 673 1845 obsidere
695 1779 823 1864 incepit,
846 1781 981 1844 refertur
1002 1785 1061 1842 aut
1088 1779 1128 1842 ad
1160 1778 1362 1863 Pompeium,
1385 1779 1453 1862 qui,

225 1897 300 1942 cum
323 1877 485 1966 Sulpicius
507 1883 537 1948 ei
566 1876 685 1947 auritio
707 1881 838 1958 venerit,
859 1881 1018 1946 exereitus
1051 1893 1175 1966 partem
1202 1881 1242 1944 ad
1277 1902 1363 1944 mare
1387 1881 1454 1946 dis·

232 1981 360 2064 posuit:
389 1983 605 2070 vid.Appian.
627 1987 653 2062 I,
675 1988 726 2051 47.
762 1984 816 2047 Ad
829 1985 1028 2068 eandemque
1041 2005 1185 2070 pugnam
1197 1982 1356 2068 pertinere
1378 1998 1451 2068 pot-

227 2095 275 2148 est
298 2089 510 2168 fragmentum
532 2093 605 2152 hoc:

810 2225 859 2290 34.

312 2326 394 2392 Non.
420 2351 444 2392 a.
467 2351 498 2391 v.
521 2329 589 2391 soni
613 2317 736 2412 pdstl.
781 2327 918 2392 Sisenna
951 2325 1059 2389 histor.
1093 2324 1149 2394 lib.
1172 2325 1242 2393 Ill:
1273 2325 1450 2408 Postquam

229 2451 310 2494 sonu
334 2431 501 2516 signorum
524 2433 678 2515 proelium
704 2453 817 2510 magno
841 2451 914 2494 cum
939 2429 1075 2492 clamore
1090 2429 1228 2492 virorum
1243 2429 1449 2492 commissum

231 2549 288 2601 est.
333 2533 370 2601 P.
395 2535 445 2602 26.

315 2635 395 2700 Naar
419 2637 517 2700 verba
539 2638 633 2702 inseri
656 2659 747 2723 posse
770 2637 920 2701 videntur
951 2635 1094 2720 Appiani
1117 2635 1152 2718 (l,
1176 2645 1215 2708 c.)
1247 2633 1453 2718 descriptioni

231 2763 359 2825 pugnae
382 2741 560 2805 eiusmodi:
581 2748 746 2825 γενομένης
770 2741 796 2806 d'
820 2745 853 2806 ἐν
873 2748 960 2822 χερσὶ
981 2751 1035 2823 τῆς
1046 2739 1154 2822 μάχης,
1177 2747 1229 2805 καὶ
1241 2742 1453 2816 πονουμένοιν

229 2844 357 2926 ἀμφοῖν,
381 2842 399 2910 ὃ
422 2855 617 2924 Σουλπίκιος
638 2849 808 2927 ἐνεπίμπρη
830 2842 869 2908 τὸ
891 2854 957 2908 τῶν
975 2850 1135 2921 πολεμίων
1149 2841 1379 2926 στρατόπεδον·
1403 2844 1455 2902 καὶ

230 2947 323 3014 τοῦθ’
347 2952 377 3012 ol
399 2954 543 3028 πολέμιοι
565 2948 753 3026 κατιδόντες,
776 2951 806 3025 ἐς
830 2944 955 3013 Ἄσκλον
977 2948 1120 3028 ἔφευγον,
1143 2944 1289 3024 ἀκόσμως
1319 2938 1382 3019 duit
1404 2948 1456 3006 καὶ

229 3049 480 3134 ἀστρατηγήτως.
526 3051 705 3134 Λαφρήνιος
727 3049 787 3132 γὰρ
809 3050 979 3115 ἐπεπτώκει
1001 3049 1189 3129 μαχόμενος.
1232 3045 1397 3129 Πομπήϊος
1424 3050 1456 3109 δὲ

229 3159 282 3218 καὶ
305 3151 430 3220 Ἄσκλον
452 3154 595 3220 ἐπελθών
616 3153 801 3236 ἐπολιόρκει.
830 3151 993 3238 (Fortasse
1007 3151 1050 3236 (?)
1073 3151 1150 3214 haee
1159 3155 1206 3213 est
1214 3169 1335 3233 pugna,
1357 3169 1455 3230 quam

231 3252 371 3320 Velleius
400 3255 589 3320 Paterculus
613 3255 671 3340 (ll,
693 3255 749 3339 21)
771 3254 818 3328 fad
849 3253 1010 3318 Asculum
1043 3253 1246 3318 commissam
1278 3272 1346 3315 esse
1369 3249 1457 3326 dicit,

231 3379 295 3441 qua
314 3357 457 3441 quinque
489 3366 522 3422 et
551 3357 754 3443 septuaginta
777 3357 864 3420 milia
887 3355 1107 3420 Romanorum
1137 3361 1169 3418 et
1199 3359 1271 3441 plus
1294 3351 1457 3432 sexaginta

230 3459 318 3524 milia
339 3461 522 3527 Italicorum
544 3483 610 3526 una
631 3460 682 3526 die
703 3459 883 3526 conflixisse
905 3457 1100 3543 narrantur.)

316 3702 398 3767 Non.
425 3727 449 3768 s.
472 3726 502 3770 v.
534 3701 696 3786 catapulta
718 3724 749 3786 p.
762 3597 983 3768 55235Sisenna
1006 3697 1113 3764 histor.
1137 3696 1189 3763 lib.
1200 3695 1270 3762 111:
1292 3695 1459 3760 Praeterea

232 3807 410 3892 catapultas
433 3805 581 3884 sedecim,
604 3812 757 3889 quattuor
780 3803 932 3880 ballistas,
954 3799 1071 3887 viginti
1094 3805 1237 3884 plaustra
1267 3798 1401 3883 scorpiis
1423 3818 1459 3860 ac

236 3909 412 3976 minoribus
435 3909 561 3997 sagittis
583 3918 708 3974 onusta.
731 3907 766 3974 P.
788 3908 837 3974 40.

273 4151 276 4156 ’
320 4148 403 4222 Non.
427 4173 451 4214 ι.
476 4173 506 4218 v.
530 4151 654 4235 scorpio
677 4149 783 4235 pets.
805 4047 941 4212 Silentia
959 4144 1031 4208 hist.
1057 4143 1110 4210 lib.
1121 4143 1188 4208 111:
1216 4141 1363 4226 Longius
1377 4161 1460 4204 secr·

233 4257 303 4343 pios
326 4255 489 4340 catapulta
510 4253 657 4320 concitos.
679 4251 716 4318 P.
741 4252 791 4317 41.

320 4358 429 4426 Verba
449 4359 518 4430 sine
540 4355 640 4424 dubio
663 4353 823 4441 pertinent
844 4352 883 4418 ad
907 4351 1023 4418 ducem
1045 4349 1195 4434 aliquem,
1227 4347 1286 4432 qui
1307 4346 1377 4412 loco
1400 4366 1458 4431 op-
