3132 4588
601 241 807 308 ..47-

85 455 119 496 a.
144 433 275 516 664J90,
299 436 337 494 ut
359 451 458 493 novos
483 429 556 494 belli
578 431 679 494 socios
691 431 752 497 sibi
765 431 953 510 conciliaret,
977 433 1093 497 missus
1106 442 1183 509 eret,
1204 431 1321 497 infecta

87 557 127 597 re
148 535 253 598 redire
276 543 404 597 coactus
427 540 483 599 est.

678 640 727 706 68.

180 738 263 806 Non.
275 762 298 802 s.
313 763 341 802 v.
355 739 510 802 concubia
534 747 625 804 nocte
648 764 677 825 p.
701 745 749 806 91.
794 741 926 807 Sisenna
948 742 1054 808 histor.
1088 741 1142 810 lib.
1167 741 1229 809 IV:
1252 741 1331 826 lpsi‘

90 841 194 926 legati
219 842 376 905 concubia
399 860 490 906 nocte
513 844 632 928 oppido
657 845 787 928 digressi
811 846 874 908 iam
897 845 957 909 sub
992 845 1132 909 bostium
1169 845 1321 910 munitio-

90 968 167 1009 nem
193 946 378 1010 succedunt.
422 945 459 1011 P.
484 949 533 1012 93.

178 1045 264 1109 ‘sub'
287 1049 480 1112 vocabulum
505 1049 597 1113 Peter
630 1051 757 1134 scripsit
791 1073 848 1135 pro
883 1052 998 1115 tradito
1021 1049 1148 1134 ‘supra'.
1194 1049 1320 1114 Riesius

90 1153 136 1236 (p.
165 1153 223 1232 62)
249 1153 384 1214 coniecit
406 1175 463 1236 pro
486 1153 591 1216 verbis
610 1152 722 1236 ‘supra
744 1155 884 1218 hostium
909 1154 1130 1217 munitionem'
1152 1154 1320 1238 legendum

91 1276 163 1316 esse
184 1251 297 1337 ‘supra
320 1255 436 1318 ostium
463 1257 691 1332 rrrunitionem',
714 1257 787 1319 inde
821 1279 893 1320 oum
928 1257 1062 1320 munitio
1094 1256 1195 1339 ipsius
1231 1277 1321 1320 exer·

93 1357 191 1433 citus,
230 1381 248 1418 a
277 1378 340 1438 quo
364 1357 461 1442 legati
495 1359 581 1420 missi
613 1373 710 1434 erant,
739 1358 982 1439 intellegeretur,
1018 1357 1209 1422 obsessionis
1233 1359 1320 1422 notio

94 1461 230 1523 deesset.

187 1662 268 1726 Non.
292 1688 316 1730 s.
341 1689 370 1732 v.
395 1667 572 1730 conducere
595 1691 625 1752 p.
650 1670 719 1735 274.
764 1667 898 1732 Sisenna
921 1667 1126 1730 historiarum
1149 1666 1230 1730 libro
1254 1665 1320 1730 IV:

94 1767 189 1848 Quid
213 1767 245 1828 in
270 1769 497 1852 rempublicam
522 1794 612 1835 suam
638 1793 787 1835 maxume
809 1771 985 1833 conducere
1008 1771 1179 1837 videretur.
1214 1769 1249 1832 P.
1273 1771 1324 1834 17.

683 1879 732 1940 70.

186 1972 267 2036 Non.
291 1998 313 2040 s.
337 1999 365 2038 v.
389 1977 501 2040 civitas
524 2001 555 2061 p.
578 1980 650 2044 429.
696 1977 830 2040 Sisenna
852 1977 925 2042 hist.
937 1974 990 2038 lib.
1004 1974 1065 2042 lV:
1088 1975 1237 2058 Denique
1249 1997 1322 2040 curn

94 2077 196 2140 variis
219 2077 439 2144 voluntatibus
462 2081 583 2143 incerta
606 2080 717 2142 civitas
740 2079 922 2162 trepidaret.
967 2078 1004 2142 P.
1028 2081 1077 2142 ts.

187 2181 325 2263 Legatos
361 2182 492 2267 (1168),
525 2184 582 2266 qui
612 2185 650 2246 de
672 2203 750 2266 pace
773 2193 909 2264 agerent,
943 2182 1056 2244 missos
1090 2201 1167 2260 esse,
1199 2204 1238 2246 ex
1259 2183 1326 2268 pri-

96 2283 161 2346 mis
184 2284 256 2346 libri
281 2285 330 2349 IV
366 2289 551 2367 fragmentis
574 2286 717 2350 conicere
740 2285 824 2362 licet,
846 2307 928 2368 quae
950 2285 990 2347 ad
1014 2284 1145 2348 consilia
1177 2286 1217 2349 de
1245 2285 1326 2351 bello

96 2389 323 2470 componendo
347 2389 453 2453 habita
483 2389 642 2474 pertinere
664 2410 761 2472 supra
783 2388 933 2454 vidimus.
979 2387 1077 2452 Haud
1101 2386 1198 2452 dubie
1220 2400 1327 2454 autem

95 2491 136 2554 fr.
160 2492 202 2552 70
224 2492 303 2575 legis
328 2491 429 2556 Iuliae
452 2498 501 2555 vel
523 2493 657 2556 aliarum
681 2491 891 2570 rogationum,
915 2513 997 2574 quae
1018 2497 1099 2554 hanc
1121 2529 1163 2539 -
1186 2491 1327 2574 quaRo-

97 2593 188 2654 mani
219 2595 307 2656 exitu
331 2619 358 2658 a.
383 2597 498 2680 celles
522 2596 650 2658 initium
673 2594 812 2658 civitatis
839 2595 932 2658 sociis
967 2595 1090 2658 <landae
1124 2601 1263 2658 fecerant
1284 2633 1326 2644 —

97 2697 251 2779 deinceps
276 2699 491 2779 sequerentur,
514 2710 645 2762 eventus
669 2697 857 2762 illustratur.
903 2697 963 2761 His
986 2699 1069 2762 enim
1105 2697 1229 2776 legibus
1252 2719 1326 2761 cum

98 2798 223 2860 civitati
257 2799 415 2862 sociorum
439 2802 554 2883 cuique
576 2801 710 2864 facultas
734 2801 807 2863 data
840 2812 931 2877 esset,
954 2823 1027 2864 cum
1066 2799 1217 2863 Rorrranis
1239 2800 1327 2884 pacis

98 2901 273 2978 faciendae,
303 2903 371 2965 ficri
395 2927 457 2965 uon
483 2905 596 2988 potuit,
618 2906 696 2986 quin
720 2905 831 2968 seditio
853 2909 1078 2988 languesceret.
1123 2903 1327 2986 Quamquam

101 3025 165 3065 non
190 3005 368 3084 defuerunt,
391 3007 447 3090 qui
472 3007 590 3070 bellum
614 3009 867 3071 continuandum
901 3029 969 3070 esse
1002 3016 1175 3082 censerent,
1205 3012 1242 3070 ut
1265 3005 1329 3070 lto-

102 3131 272 3172 manorum
296 3133 371 3196 opes
394 3112 523 3176 omnino
547 3113 736 3190 frangerent,
760 3110 912 3174 moderati
943 3123 1046 3173 tamen
1081 3109 1249 3184 sociorum,
1272 3109 1329 3190 qui

102 3235 215 3296 pacem
240 3215 320 3279 bello
344 3220 546 3300 praeferrent,
569 3215 822 3299 implacabilibus
845 3213 906 3276 illis
920 3224 989 3276 turn
1003 3215 1118 3276 maiore
1142 3213 1256 3276 ell'ectu
1280 3233 1329 3275 re-

105 3317 266 3384 sistebant.
311 3320 363 3383 Ad
387 3326 442 3382 has
465 3327 574 3382 autem
598 3332 714 3402 partes,
737 3316 855 3400 quibus
869 3316 981 3378 civitas
993 3317 1099 3398 aliqua
1110 3317 1213 3378 dirisa
1235 3327 1283 3378 est
1293 3314 1329 3399 1),

108 3423 323 3505 fragmentum
346 3423 427 3486 illud
451 3435 592 3507 spectare
615 3443 707 3486 neruo
731 3418 869 3504 negabit.

689 3527 738 3591 71.

193 3627 276 3695 Non.
306 3652 531 3696 accusarint.
568 3653 590 3692 s.
614 3651 681 3713 pos.
717 3650 745 3711 p.
768 3628 841 3697 495.
894 3627 1026 3692 Sisenna
1056 3627 1163 3692 histor.
1186 3626 1238 3690 lib.
1263 3622 1330 3689 lV:
1419 3649 1420 3658 ¹

110 3731 175 3812 Qui
200 3744 307 3796 tamen
343 3735 461 3816 quibus
494 3732 676 3820 †laetibus
709 3731 834 3794 foedera
869 3731 1025 3793 maiorum
1049 3752 1144 3794 suum
1168 3730 1330 3795 dissolute.

109 3835 146 3899 P.
172 3837 242 3904 112.

109 3997 274 4004 ..ὑ-κ*

185 4103 217 4175 1)
241 4103 399 4160 Discordiao
432 4102 564 4157 sociorum
587 4099 688 4155 indicia
709 4098 762 4151 iarn
779 4116 839 4153 curn
864 4099 965 4152 bellum
988 4099 1190 4165 exardesceret,
1226 4095 1330 4152 inveni·

112 4213 168 4248 mus
192 4195 262 4265 apud
287 4192 435 4246 Diodorum
470 4187 535 4266 (37,
572 4187 619 4245 19.
650 4179 704 4263 20)
737 4193 765 4238 et
797 4183 921 4239 Cassium
954 4183 1070 4237 Dionem
1104 4177 1330 4260 (98‚31›ind).

113 4280 217 4334 Deinde
240 4277 351 4333 Minutii
374 4277 450 4348 Magi
472 4273 591 4328 defectio
613 4283 641 4328 et
662 4289 704 4326 res
726 4270 819 4324 Asculi
841 4269 870 4322 in
893 4269 993 4340 oppido
1014 4278 1072 4322 turn
1095 4271 1203 4323 obsesso
1238 4277 1331 4339 gestae

113 4367 211 4440 dignae
233 4375 306 4432 sunt,
330 4383 398 4435 alutae
422 4368 672 4418 commemorentur,
697 4354 811 4436 (Vellei,
834 4357 872 4424 ll,
899 4351 951 4422 153
975 4354 1090 4425 Appian.
1113 4357 1135 4422 I,
1160 4349 1225 4435 48.)
