<?xml version="1.0" encoding="UTF-8"?>
<!DOCTYPE html PUBLIC "-//W3C//DTD XHTML 1.0 Transitional//EN"
    "http://www.w3.org/TR/xhtml1/DTD/xhtml1-transitional.dtd">
<html xmlns="http://www.w3.org/1999/xhtml" xml:lang="en" lang="en">
 <head>
  <title>
</title>
<meta http-equiv="Content-Type" content="text/html;charset=utf-8" />
  <meta name='ocr-system' content='tesseract 3.04.00' />
  <meta name='ocr-capabilities' content='ocr_page ocr_carea ocr_par ocr_line ocrx_word'/>
</head>
<body>
  <div class='ocr_page' id='page_1' title='image "./delcomeliisisen00schngoog_0011.png"; bbox 0 0 3132 4588; ppageno 0'>
   <div class='ocr_carea' id='block_1_1' title="bbox 783 327 962 395">
    <p class='ocr_par' dir='ltr' id='par_1_1' title="bbox 783 327 962 395">
     <span class='ocr_line' id='line_1_1' title="bbox 783 327 962 395; baseline 0 -16"><span class='ocrx_word' id='word_1_1' title='bbox 783 327 962 395; x_wconf 74' lang='grc'><strong>-8-</strong></span> 
     </span>
    </p>
   </div>
   <div class='ocr_carea' id='block_1_2' title="bbox 260 517 1488 4204">
    <p class='ocr_par' dir='ltr' id='par_1_2' title="bbox 349 517 1365 2866">
     <span class='ocr_line' id='line_1_2' title="bbox 801 517 1104 603; baseline 0.007 -21"><span class='ocrx_word' id='word_1_2' title='bbox 801 517 912 583; x_wconf 80' lang='lat' dir='ltr'><strong>Cicero</strong></span> <span class='ocrx_word' id='word_1_3' title='bbox 923 519 949 603; x_wconf 93' lang='lat'><strong>¹)</strong></span> <span class='ocrx_word' id='word_1_4' title='bbox 973 517 1104 584; x_wconf 81' lang='lat' dir='ltr'><strong>Tuscul.</strong></span> 
     </span>
     <span class='ocr_line' id='line_1_3' title="bbox 541 619 1273 708; baseline 0.008 -27"><span class='ocrx_word' id='word_1_5' title='bbox 541 620 729 685; x_wconf 82' lang='lat' dir='ltr'>modestiam</span> <span class='ocrx_word' id='word_1_6' title='bbox 804 619 885 686; x_wconf 84' lang='lat' dir='ltr'>Tull.</span> <span class='ocrx_word' id='word_1_7' title='bbox 909 622 947 685; x_wconf 92' lang='lat' dir='ltr'><strong>de</strong></span> <span class='ocrx_word' id='word_1_8' title='bbox 969 622 1020 688; x_wconf 83' lang='lat' dir='ltr'><strong>off.</strong></span> <span class='ocrx_word' id='word_1_9' title='bbox 1043 620 1096 685; x_wconf 93' lang='lat' dir='ltr'><strong>lib.</strong></span> <span class='ocrx_word' id='word_1_10' title='bbox 1120 621 1136 684; x_wconf 96' lang='grc' dir='ltr'>Ι</span> <span class='ocrx_word' id='word_1_11' title='bbox 1170 623 1189 708; x_wconf 66' lang='grc' dir='ltr'><strong>ξ</strong></span> <span class='ocrx_word' id='word_1_12' title='bbox 1215 627 1273 689; x_wconf 76' lang='grc'><strong>142</strong></span> 
     </span>
     <span class='ocr_line' id='line_1_4' title="bbox 353 719 799 807; baseline 0.016 -22"><span class='ocrx_word' id='word_1_13' title='bbox 353 744 384 806; x_wconf 91' lang='lat' dir='ltr'><strong>p.</strong></span> <span class='ocrx_word' id='word_1_14' title='bbox 404 725 465 786; x_wconf 79' lang='lat'><strong>90:</strong></span> <span class='ocrx_word' id='word_1_15' title='bbox 488 719 569 788; x_wconf 85' lang='lat' dir='ltr'><strong>Non.</strong></span> <span class='ocrx_word' id='word_1_16' title='bbox 592 745 623 807; x_wconf 79' lang='lat' dir='ltr'><strong>p.</strong></span> <span class='ocrx_word' id='word_1_17' title='bbox 647 727 720 800; x_wconf 86' lang='lat'>435,</span> <span class='ocrx_word' id='word_1_18' title='bbox 747 727 799 792; x_wconf 89' lang='lat'><strong>14:</strong></span> 
     </span>
     <span class='ocr_line' id='line_1_5' title="bbox 351 823 1357 916; baseline 0.008 -28"><span class='ocrx_word' id='word_1_19' title='bbox 351 823 468 888; x_wconf 87' lang='lat' dir='ltr'><strong>lemma</strong></span> <span class='ocrx_word' id='word_1_20' title='bbox 490 836 584 908; x_wconf 81' lang='lat' dir='ltr'><strong>turpe</strong></span> <span class='ocrx_word' id='word_1_21' title='bbox 605 835 637 890; x_wconf 82' lang='lat' dir='ltr'><strong>et</strong></span> <span class='ocrx_word' id='word_1_22' title='bbox 658 828 787 893; x_wconf 77' lang='lat' dir='ltr'><strong>foedum</strong></span> <span class='ocrx_word' id='word_1_23' title='bbox 963 826 1046 891; x_wconf 83' lang='lat' dir='ltr'>Tull.</span> <span class='ocrx_word' id='word_1_24' title='bbox 1069 827 1109 891; x_wconf 92' lang='lat' dir='ltr'><strong>de</strong></span> <span class='ocrx_word' id='word_1_25' title='bbox 1132 831 1220 894; x_wconf 77' lang='lat' dir='ltr'><strong>oftl</strong></span> <span class='ocrx_word' id='word_1_26' title='bbox 1253 829 1357 916; x_wconf 78' lang='lat'>§123</span> 
     </span>
     <span class='ocr_line' id='line_1_6' title="bbox 485 929 1362 1018; baseline 0.007 -27"><span class='ocrx_word' id='word_1_27' title='bbox 485 933 604 994; x_wconf 82' lang='lat' dir='ltr'><strong>formae</strong></span> <span class='ocrx_word' id='word_1_28' title='bbox 626 937 657 993; x_wconf 83' lang='lat' dir='ltr'><strong>et</strong></span> <span class='ocrx_word' id='word_1_29' title='bbox 678 931 800 1017; x_wconf 86' lang='lat' dir='ltr'><strong>figurae</strong></span> <span class='ocrx_word' id='word_1_30' title='bbox 961 929 1046 994; x_wconf 86' lang='lat' dir='ltr'><strong>Tull.</strong></span> <span class='ocrx_word' id='word_1_31' title='bbox 1068 929 1107 994; x_wconf 90' lang='lat' dir='ltr'><strong>de</strong></span> <span class='ocrx_word' id='word_1_32' title='bbox 1132 931 1224 995; x_wconf 76' lang='grc'><strong>0111</strong></span> <span class='ocrx_word' id='word_1_33' title='bbox 1258 932 1362 1018; x_wconf 81' lang='lat'>§126</span> 
     </span>
     <span class='ocr_line' id='line_1_7' title="bbox 485 1031 1365 1120; baseline 0.007 -24"><span class='ocrx_word' id='word_1_34' title='bbox 485 1032 674 1118; x_wconf 85' lang='lat' dir='ltr'><strong>dignitatem</strong></span> <span class='ocrx_word' id='word_1_35' title='bbox 698 1046 728 1098; x_wconf 89' lang='lat' dir='ltr'><strong>et</strong></span> <span class='ocrx_word' id='word_1_36' title='bbox 751 1043 941 1098; x_wconf 83' lang='lat' dir='ltr'><strong>vetustatem</strong></span> <span class='ocrx_word' id='word_1_37' title='bbox 965 1031 1050 1099; x_wconf 86' lang='lat' dir='ltr'><strong>Tull.</strong></span> <span class='ocrx_word' id='word_1_38' title='bbox 1072 1031 1110 1096; x_wconf 91' lang='lat' dir='ltr'><strong>dc</strong></span> <span class='ocrx_word' id='word_1_39' title='bbox 1132 1033 1184 1098; x_wconf 83' lang='lat' dir='ltr'><strong>off.</strong></span> <span class='ocrx_word' id='word_1_40' title='bbox 1209 1033 1226 1096; x_wconf 96' lang='grc' dir='ltr'>Ι</span> <span class='ocrx_word' id='word_1_41' title='bbox 1260 1035 1279 1120; x_wconf 65' lang='grc' dir='ltr'>ξ</span> <span class='ocrx_word' id='word_1_42' title='bbox 1304 1041 1365 1102; x_wconf 86' lang='lat'><strong>130</strong></span> 
     </span>
     <span class='ocr_line' id='line_1_8' title="bbox 352 1133 801 1219; baseline -0.009 -19"><span class='ocrx_word' id='word_1_43' title='bbox 352 1157 381 1219; x_wconf 87' lang='lat' dir='ltr'><strong>p.</strong></span> <span class='ocrx_word' id='word_1_44' title='bbox 402 1137 464 1200; x_wconf 83' lang='lat'><strong>86:</strong></span> <span class='ocrx_word' id='word_1_45' title='bbox 487 1133 570 1202; x_wconf 91' lang='lat' dir='ltr'><strong>Non.</strong></span> <span class='ocrx_word' id='word_1_46' title='bbox 592 1157 621 1219; x_wconf 83' lang='lat' dir='ltr'><strong>p.</strong></span> <span class='ocrx_word' id='word_1_47' title='bbox 646 1138 717 1213; x_wconf 80' lang='lat'>127,</span> <span class='ocrx_word' id='word_1_48' title='bbox 741 1143 801 1203; x_wconf 87' lang='lat'><strong>33:</strong></span> 
     </span>
     <span class='ocr_line' id='line_1_9' title="bbox 468 1236 1228 1325; baseline 0.003 -25"><span class='ocrx_word' id='word_1_49' title='bbox 468 1243 585 1302; x_wconf 89' lang='lat' dir='ltr'><strong>lemma</strong></span> <span class='ocrx_word' id='word_1_50' title='bbox 607 1239 749 1304; x_wconf 90' lang='lat' dir='ltr'><strong>inanima</strong></span> <span class='ocrx_word' id='word_1_51' title='bbox 834 1236 919 1302; x_wconf 85' lang='lat' dir='ltr'><strong>Tull.</strong></span> <span class='ocrx_word' id='word_1_52' title='bbox 942 1237 983 1302; x_wconf 89' lang='lat' dir='ltr'><strong>de</strong></span> <span class='ocrx_word' id='word_1_53' title='bbox 1000 1237 1053 1302; x_wconf 79' lang='lat' dir='ltr'><strong>off.</strong></span> <span class='ocrx_word' id='word_1_54' title='bbox 1079 1237 1115 1300; x_wconf 92' lang='grc' dir='ltr'><strong>ΙΙ</strong></span> <span class='ocrx_word' id='word_1_55' title='bbox 1147 1237 1167 1325; x_wconf 63' lang='grc' dir='ltr'><strong>ξ</strong></span> <span class='ocrx_word' id='word_1_56' title='bbox 1192 1242 1228 1302; x_wconf 94' lang='grc'><strong>11</strong></span> 
     </span>
     <span class='ocr_line' id='line_1_10' title="bbox 604 1338 1243 1428; baseline 0.008 -24"><span class='ocrx_word' id='word_1_57' title='bbox 604 1341 812 1407; x_wconf 81' lang='lat' dir='ltr'><strong>indolentiam</strong></span> <span class='ocrx_word' id='word_1_58' title='bbox 835 1339 918 1407; x_wconf 86' lang='lat' dir='ltr'><strong>Tull.</strong></span> <span class='ocrx_word' id='word_1_59' title='bbox 941 1341 1055 1406; x_wconf 75' lang='lat' dir='ltr'><strong>deofl.</strong></span> <span class='ocrx_word' id='word_1_60' title='bbox 1079 1338 1126 1404; x_wconf 95' lang='lat' dir='ltr'><strong>lll</strong></span> <span class='ocrx_word' id='word_1_61' title='bbox 1160 1341 1179 1428; x_wconf 67' lang='grc' dir='ltr'>ξ</span> <span class='ocrx_word' id='word_1_62' title='bbox 1205 1348 1243 1410; x_wconf 82' lang='grc'><strong>12</strong></span> 
     </span>
     <span class='ocr_line' id='line_1_11' title="bbox 603 1442 1292 1531; baseline 0.01 -24"><span class='ocrx_word' id='word_1_63' title='bbox 603 1444 745 1510; x_wconf 89' lang='lat' dir='ltr'><strong>indicare</strong></span> <span class='ocrx_word' id='word_1_64' title='bbox 831 1442 915 1510; x_wconf 85' lang='lat' dir='ltr'><strong>Tull.</strong></span> <span class='ocrx_word' id='word_1_65' title='bbox 939 1443 978 1508; x_wconf 91' lang='lat' dir='ltr'><strong>de</strong></span> <span class='ocrx_word' id='word_1_66' title='bbox 1001 1443 1129 1512; x_wconf 74' lang='lat' dir='ltr'><strong>oront</strong></span> <span class='ocrx_word' id='word_1_67' title='bbox 1161 1444 1244 1531; x_wconf 76' lang='lat'><strong>§62</strong></span> <span class='ocrx_word' id='word_1_68' title='bbox 1284 1484 1292 1514; x_wconf 80' lang='lat' dir='ltr'><strong>t</strong></span> 
     </span>
     <span class='ocr_line' id='line_1_12' title="bbox 352 1544 803 1631; baseline 0.004 -21"><span class='ocrx_word' id='word_1_69' title='bbox 352 1566 383 1630; x_wconf 86' lang='lat' dir='ltr'><strong>p·</strong></span> <span class='ocrx_word' id='word_1_70' title='bbox 408 1548 469 1610; x_wconf 82' lang='lat'><strong>97:</strong></span> <span class='ocrx_word' id='word_1_71' title='bbox 492 1544 574 1613; x_wconf 89' lang='lat' dir='ltr'><strong>Non.</strong></span> <span class='ocrx_word' id='word_1_72' title='bbox 597 1569 629 1631; x_wconf 84' lang='lat' dir='ltr'><strong>p.</strong></span> <span class='ocrx_word' id='word_1_73' title='bbox 652 1549 723 1626; x_wconf 79' lang='lat'>125,</span> <span class='ocrx_word' id='word_1_74' title='bbox 747 1552 803 1617; x_wconf 80' lang='lat'><strong>27:</strong></span> 
     </span>
     <span class='ocr_line' id='line_1_13' title="bbox 522 1647 1234 1734; baseline 0.003 -22"><span class='ocrx_word' id='word_1_75' title='bbox 522 1647 640 1714; x_wconf 84' lang='lat' dir='ltr'><strong>lemma</strong></span> <span class='ocrx_word' id='word_1_76' title='bbox 661 1650 832 1716; x_wconf 85' lang='lat' dir='ltr'><strong>inconsulti</strong></span> <span class='ocrx_word' id='word_1_77' title='bbox 854 1651 963 1734; x_wconf 63' lang='lat' dir='ltr'><strong>Vergil.</strong></span> <span class='ocrx_word' id='word_1_78' title='bbox 985 1651 1067 1719; x_wconf 89' lang='lat' dir='ltr'><strong>Aen.</strong></span> <span class='ocrx_word' id='word_1_79' title='bbox 1090 1651 1150 1729; x_wconf 91' lang='grc' dir='ltr'>ΙΙΙ,</span> <span class='ocrx_word' id='word_1_80' title='bbox 1172 1653 1234 1716; x_wconf 75' lang='lat'><strong>452</strong></span> 
     </span>
     <span class='ocr_line' id='line_1_14' title="bbox 665 1751 1254 1838; baseline 0.005 -21"><span class='ocrx_word' id='word_1_81' title='bbox 665 1753 803 1818; x_wconf 81' lang='lat' dir='ltr'><strong>inluvies</strong></span> <span class='ocrx_word' id='word_1_82' title='bbox 858 1751 975 1838; x_wconf 87' lang='lat' dir='ltr'><strong>Vergil.</strong></span> <span class='ocrx_word' id='word_1_83' title='bbox 997 1755 1078 1821; x_wconf 87' lang='lat' dir='ltr'><strong>Aen.</strong></span> <span class='ocrx_word' id='word_1_84' title='bbox 1101 1754 1169 1824; x_wconf 82' lang='grc' dir='ltr'>ΙΙΙ.</span> <span class='ocrx_word' id='word_1_85' title='bbox 1193 1757 1254 1821; x_wconf 82' lang='grc'><strong>593</strong></span> 
     </span>
     <span class='ocr_line' id='line_1_15' title="bbox 852 1877 898 1938; baseline 0.022 -20"><span class='ocrx_word' id='word_1_86' title='bbox 852 1877 898 1938; x_wconf 78' lang='lat' dir='ltr'><strong>sq.</strong></span> 
     </span>
     <span class='ocr_line' id='line_1_16' title="bbox 349 1955 850 2044; baseline 0 -22"><span class='ocrx_word' id='word_1_87' title='bbox 349 1979 381 2042; x_wconf 86' lang='lat' dir='ltr'><strong>p.</strong></span> <span class='ocrx_word' id='word_1_88' title='bbox 404 1961 465 2022; x_wconf 77' lang='lat'><strong>98:</strong></span> <span class='ocrx_word' id='word_1_89' title='bbox 489 1955 572 2022; x_wconf 92' lang='lat' dir='ltr'><strong>Non.</strong></span> <span class='ocrx_word' id='word_1_90' title='bbox 595 1980 670 2044; x_wconf 88' lang='lat' dir='ltr'><strong>pag.</strong></span> <span class='ocrx_word' id='word_1_91' title='bbox 693 1959 767 2036; x_wconf 83' lang='lat'>459,</span> <span class='ocrx_word' id='word_1_92' title='bbox 790 1964 850 2026; x_wconf 80' lang='lat'><strong>26:</strong></span> 
     </span>
     <span class='ocr_line' id='line_1_17' title="bbox 466 2059 1232 2149; baseline 0.004 -25"><span class='ocrx_word' id='word_1_93' title='bbox 466 2059 586 2125; x_wconf 87' lang='lat' dir='ltr'><strong>lemma</strong></span> <span class='ocrx_word' id='word_1_94' title='bbox 607 2061 700 2125; x_wconf 91' lang='lat' dir='ltr'><strong>nidos</strong></span> <span class='ocrx_word' id='word_1_95' title='bbox 856 2059 947 2140; x_wconf 84' lang='lat' dir='ltr'><strong>Verg.</strong></span> <span class='ocrx_word' id='word_1_96' title='bbox 970 2061 1088 2149; x_wconf 86' lang='lat' dir='ltr'><strong>Georg.</strong></span> <span class='ocrx_word' id='word_1_97' title='bbox 1111 2063 1170 2141; x_wconf 89' lang='lat' dir='ltr'><strong>IV,</strong></span> <span class='ocrx_word' id='word_1_98' title='bbox 1194 2066 1232 2128; x_wconf 80' lang='grc'><strong>111</strong></span> 
     </span>
     <span class='ocr_line' id='line_1_18' title="bbox 613 2161 1277 2245; baseline 0.002 -18"><span class='ocrx_word' id='word_1_99' title='bbox 613 2162 731 2228; x_wconf 84' lang='lat' dir='ltr'><strong>imbres</strong></span> <span class='ocrx_word' id='word_1_100' title='bbox 852 2161 969 2242; x_wconf 84' lang='lat' dir='ltr'><strong>Vergil.</strong></span> <span class='ocrx_word' id='word_1_101' title='bbox 993 2162 1108 2245; x_wconf 84' lang='lat' dir='ltr'><strong>Georg.</strong></span> <span class='ocrx_word' id='word_1_102' title='bbox 1131 2164 1190 2243; x_wconf 88' lang='lat' dir='ltr'><strong>IV,</strong></span> <span class='ocrx_word' id='word_1_103' title='bbox 1216 2167 1277 2229; x_wconf 90' lang='grc'><strong>114</strong></span> 
     </span>
     <span class='ocr_line' id='line_1_19' title="bbox 610 2263 1361 2352; baseline 0.003 -21"><span class='ocrx_word' id='word_1_104' title='bbox 610 2267 749 2352; x_wconf 86' lang='lat' dir='ltr'><strong>pecudes</strong></span> <span class='ocrx_word' id='word_1_105' title='bbox 848 2265 968 2349; x_wconf 81' lang='lat' dir='ltr'><strong>Vergil.</strong></span> <span class='ocrx_word' id='word_1_106' title='bbox 991 2265 1108 2352; x_wconf 83' lang='lat' dir='ltr'><strong>Georg.</strong></span> <span class='ocrx_word' id='word_1_107' title='bbox 1133 2265 1192 2345; x_wconf 89' lang='lat' dir='ltr'><strong>IV,</strong></span> <span class='ocrx_word' id='word_1_108' title='bbox 1216 2271 1276 2332; x_wconf 81' lang='lat'><strong>327</strong></span> <span class='ocrx_word' id='word_1_109' title='bbox 1358 2263 1361 2272; x_wconf 73' lang='grc'><strong>’</strong></span> 
     </span>
     <span class='ocr_line' id='line_1_20' title="bbox 480 2366 1096 2468; baseline 0.003 -37"><span class='ocrx_word' id='word_1_110' title='bbox 480 2445 483 2468; x_wconf 45' lang='grc' dir='ltr'>Ι</span> <span class='ocrx_word' id='word_1_111' title='bbox 847 2367 957 2435; x_wconf 88' lang='lat' dir='ltr'><strong>Varro.</strong></span> <span class='ocrx_word' id='word_1_112' title='bbox 979 2366 1096 2454; x_wconf 88' lang='lat' dir='ltr'><strong>Sexag.</strong></span> 
     </span>
     <span class='ocr_line' id='line_1_21' title="bbox 611 2469 1274 2557; baseline 0.002 -21"><span class='ocrx_word' id='word_1_113' title='bbox 611 2495 722 2557; x_wconf 87' lang='lat' dir='ltr'><strong>pacem</strong></span> <span class='ocrx_word' id='word_1_114' title='bbox 851 2469 967 2550; x_wconf 87' lang='lat' dir='ltr'><strong>Vergil.</strong></span> <span class='ocrx_word' id='word_1_115' title='bbox 992 2470 1108 2556; x_wconf 87' lang='lat' dir='ltr'><strong>Georg.</strong></span> <span class='ocrx_word' id='word_1_116' title='bbox 1132 2470 1188 2549; x_wconf 92' lang='lat' dir='ltr'><strong>IV,</strong></span> <span class='ocrx_word' id='word_1_117' title='bbox 1214 2475 1274 2538; x_wconf 89' lang='grc'><strong>168</strong></span> 
     </span>
     <span class='ocr_line' id='line_1_22' title="bbox 850 2573 1113 2639; baseline 0.008 -2"><span class='ocrx_word' id='word_1_118' title='bbox 850 2573 935 2638; x_wconf 89' lang='lat' dir='ltr'><strong>idem</strong></span> <span class='ocrx_word' id='word_1_119' title='bbox 958 2573 1040 2638; x_wconf 88' lang='lat' dir='ltr'><strong>Aen.</strong></span> <span class='ocrx_word' id='word_1_120' title='bbox 1064 2575 1113 2639; x_wconf 92' lang='grc' dir='ltr'><strong>ΙΙΙ</strong></span> 
     </span>
     <span class='ocr_line' id='line_1_23' title="bbox 614 2676 1185 2763; baseline 0 -22"><span class='ocrx_word' id='word_1_121' title='bbox 614 2677 813 2763; x_wconf 83' lang='lat' dir='ltr'><strong>profondum</strong></span> <span class='ocrx_word' id='word_1_122' title='bbox 848 2676 967 2760; x_wconf 84' lang='lat' dir='ltr'><strong>Vergil.</strong></span> <span class='ocrx_word' id='word_1_123' title='bbox 990 2677 1072 2741; x_wconf 90' lang='lat' dir='ltr'><strong>Aen.</strong></span> <span class='ocrx_word' id='word_1_124' title='bbox 1096 2679 1120 2754; x_wconf 93' lang='lat' dir='ltr'><strong>l,</strong></span> <span class='ocrx_word' id='word_1_125' title='bbox 1144 2679 1185 2744; x_wconf 85' lang='grc'><strong>58</strong></span> 
     </span>
     <span class='ocr_line' id='line_1_24' title="bbox 610 2777 1203 2866; baseline 0.005 -23"><span class='ocrx_word' id='word_1_126' title='bbox 610 2780 836 2866; x_wconf 85' lang='lat' dir='ltr'><strong>procacitatem</strong></span> <span class='ocrx_word' id='word_1_127' title='bbox 850 2777 965 2862; x_wconf 82' lang='lat' dir='ltr'><strong>Vergil</strong></span> <span class='ocrx_word' id='word_1_128' title='bbox 989 2778 1069 2845; x_wconf 91' lang='lat' dir='ltr'><strong>Aen.</strong></span> <span class='ocrx_word' id='word_1_129' title='bbox 1093 2782 1117 2857; x_wconf 89' lang='lat'><strong>1,</strong></span> <span class='ocrx_word' id='word_1_130' title='bbox 1142 2783 1203 2847; x_wconf 88' lang='grc'><strong>536</strong></span> 
     </span>
    </p>

    <p class='ocr_par' dir='ltr' id='par_1_3' title="bbox 334 2905 907 2966">
     <span class='ocr_line' id='line_1_25' title="bbox 334 2905 907 2966; baseline 0.01 -24"><span class='ocrx_word' id='word_1_131' title='bbox 334 2937 336 2942; x_wconf 92' lang='grc'>.</span> <span class='ocrx_word' id='word_1_132' title='bbox 861 2905 907 2966; x_wconf 93' lang='lat' dir='ltr'><strong>sq.</strong></span> 
     </span>
    </p>

    <p class='ocr_par' dir='ltr' id='par_1_4' title="bbox 260 2985 1488 3999">
     <span class='ocr_line' id='line_1_26' title="bbox 349 2985 1488 3072; baseline 0.004 -21"><span class='ocrx_word' id='word_1_133' title='bbox 349 2986 414 3052; x_wconf 89' lang='lat' dir='ltr'><strong>Hic</strong></span> <span class='ocrx_word' id='word_1_134' title='bbox 434 2987 534 3072; x_wconf 83' lang='lat' dir='ltr'><strong>igitur</strong></span> <span class='ocrx_word' id='word_1_135' title='bbox 556 2987 634 3051; x_wconf 89' lang='lat' dir='ltr'><strong>ordo</strong></span> <span class='ocrx_word' id='word_1_136' title='bbox 667 2987 818 3070; x_wconf 90' lang='lat' dir='ltr'><strong>quoniam</strong></span> <span class='ocrx_word' id='word_1_137' title='bbox 841 2985 876 3049; x_wconf 91' lang='lat' dir='ltr'><strong>in</strong></span> <span class='ocrx_word' id='word_1_138' title='bbox 899 2986 1052 3070; x_wconf 83' lang='lat' dir='ltr'><strong>exemplis</strong></span> <span class='ocrx_word' id='word_1_139' title='bbox 1064 2987 1265 3070; x_wconf 80' lang='lat' dir='ltr'><strong>scriptorum,</strong></span> <span class='ocrx_word' id='word_1_140' title='bbox 1287 2989 1488 3072; x_wconf 85' lang='lat' dir='ltr'><strong>quiaetatem</strong></span> 
     </span>
     <span class='ocr_line' id='line_1_27' title="bbox 264 3089 1488 3168; baseline 0.003 -14"><span class='ocrx_word' id='word_1_141' title='bbox 264 3095 415 3168; x_wconf 83' lang='lat' dir='ltr'><strong>tulerunt,</strong></span> <span class='ocrx_word' id='word_1_142' title='bbox 438 3090 589 3168; x_wconf 87' lang='lat' dir='ltr'><strong>cernitur,</strong></span> <span class='ocrx_word' id='word_1_143' title='bbox 611 3089 707 3154; x_wconf 89' lang='lat' dir='ltr'><strong>etiam</strong></span> <span class='ocrx_word' id='word_1_144' title='bbox 730 3089 763 3153; x_wconf 94' lang='lat' dir='ltr'><strong>in</strong></span> <span class='ocrx_word' id='word_1_145' title='bbox 786 3089 940 3154; x_wconf 83' lang='lat' dir='ltr'><strong>Sisennae</strong></span> <span class='ocrx_word' id='word_1_146' title='bbox 961 3089 1038 3153; x_wconf 90' lang='lat' dir='ltr'><strong>locis</strong></span> <span class='ocrx_word' id='word_1_147' title='bbox 1061 3091 1251 3154; x_wconf 77' lang='lat' dir='ltr'><strong>statuendus</strong></span> <span class='ocrx_word' id='word_1_148' title='bbox 1273 3092 1339 3156; x_wconf 84' lang='lat' dir='ltr'><strong>erit</strong></span> <span class='ocrx_word' id='word_1_149' title='bbox 1384 3093 1488 3158; x_wconf 93' lang='lat' dir='ltr'><strong>Dubi-</strong></span> 
     </span>
     <span class='ocr_line' id='line_1_28' title="bbox 262 3191 1486 3279; baseline 0.003 -22"><span class='ocrx_word' id='word_1_150' title='bbox 262 3193 323 3257; x_wconf 86' lang='lat' dir='ltr'><strong>tari</strong></span> <span class='ocrx_word' id='word_1_151' title='bbox 346 3193 431 3257; x_wconf 88' lang='lat' dir='ltr'><strong>enim</strong></span> <span class='ocrx_word' id='word_1_152' title='bbox 455 3193 510 3256; x_wconf 82' lang='lat' dir='ltr'><strong>vix</strong></span> <span class='ocrx_word' id='word_1_153' title='bbox 532 3203 646 3278; x_wconf 87' lang='lat' dir='ltr'><strong>potest,</strong></span> <span class='ocrx_word' id='word_1_154' title='bbox 669 3192 747 3276; x_wconf 90' lang='lat' dir='ltr'><strong>quin</strong></span> <span class='ocrx_word' id='word_1_155' title='bbox 772 3191 896 3256; x_wconf 90' lang='lat' dir='ltr'><strong>Nonius</strong></span> <span class='ocrx_word' id='word_1_156' title='bbox 919 3213 950 3276; x_wconf 85' lang='lat' dir='ltr'><strong>p.</strong></span> <span class='ocrx_word' id='word_1_157' title='bbox 975 3193 1033 3257; x_wconf 89' lang='grc'><strong>141</strong></span> <span class='ocrx_word' id='word_1_158' title='bbox 1066 3214 1147 3275; x_wconf 91' lang='lat' dir='ltr'><strong>quos</strong></span> <span class='ocrx_word' id='word_1_159' title='bbox 1174 3192 1237 3255; x_wconf 90' lang='lat' dir='ltr'><strong>iam</strong></span> <span class='ocrx_word' id='word_1_160' title='bbox 1272 3217 1369 3279; x_wconf 85' lang='lat' dir='ltr'><strong>supra</strong></span> <span class='ocrx_word' id='word_1_161' title='bbox 1392 3196 1486 3261; x_wconf 85' lang='lat' dir='ltr'><strong>citavi</strong></span> 
     </span>
     <span class='ocr_line' id='line_1_29' title="bbox 264 3293 1485 3379; baseline 0.002 -19"><span class='ocrx_word' id='word_1_162' title='bbox 264 3295 350 3361; x_wconf 91' lang='lat' dir='ltr'><strong>locos</strong></span> <span class='ocrx_word' id='word_1_163' title='bbox 373 3295 533 3374; x_wconf 86' lang='lat' dir='ltr'><strong>Sisennae,</strong></span> <span class='ocrx_word' id='word_1_164' title='bbox 567 3296 623 3378; x_wconf 90' lang='lat' dir='ltr'><strong>qui</strong></span> <span class='ocrx_word' id='word_1_165' title='bbox 656 3294 759 3359; x_wconf 86' lang='lat' dir='ltr'><strong>titulis</strong></span> <span class='ocrx_word' id='word_1_166' title='bbox 778 3293 947 3359; x_wconf 89' lang='lat' dir='ltr'><strong>‘maceriae</strong></span> <span class='ocrx_word' id='word_1_167' title='bbox 975 3333 1018 3343; x_wconf 94' lang='lat'><em>-</em></span> <span class='ocrx_word' id='word_1_168' title='bbox 1041 3293 1256 3358; x_wconf 87' lang='lat' dir='ltr'><strong>multifariam&#39;</strong></span> <span class='ocrx_word' id='word_1_169' title='bbox 1277 3297 1485 3379; x_wconf 91' lang='lat' dir='ltr'><strong>continentur,</strong></span> 
     </span>
     <span class='ocr_line' id='line_1_30' title="bbox 263 3396 1485 3485; baseline 0.002 -21"><span class='ocrx_word' id='word_1_170' title='bbox 263 3399 373 3464; x_wconf 91' lang='lat' dir='ltr'><strong>eodem</strong></span> <span class='ocrx_word' id='word_1_171' title='bbox 397 3400 517 3476; x_wconf 89' lang='lat' dir='ltr'><strong>ordine,</strong></span> <span class='ocrx_word' id='word_1_172' title='bbox 540 3420 604 3482; x_wconf 88' lang='lat' dir='ltr'><strong>quo</strong></span> <span class='ocrx_word' id='word_1_173' title='bbox 627 3397 748 3462; x_wconf 85' lang='lat' dir='ltr'><strong>suerint</strong></span> <span class='ocrx_word' id='word_1_174' title='bbox 768 3397 801 3460; x_wconf 93' lang='lat' dir='ltr'><strong>in</strong></span> <span class='ocrx_word' id='word_1_175' title='bbox 826 3396 978 3462; x_wconf 86' lang='lat' dir='ltr'><strong>Sisennae</strong></span> <span class='ocrx_word' id='word_1_176' title='bbox 1000 3397 1081 3460; x_wconf 90' lang='lat' dir='ltr'><strong>libro</strong></span> <span class='ocrx_word' id='word_1_177' title='bbox 1093 3397 1297 3461; x_wconf 88' lang='lat' dir='ltr'><strong>historiarum</strong></span> <span class='ocrx_word' id='word_1_178' title='bbox 1310 3400 1402 3464; x_wconf 89' lang='lat' dir='ltr'><strong>tertio</strong></span> <span class='ocrx_word' id='word_1_179' title='bbox 1413 3423 1485 3485; x_wconf 86' lang='lat' dir='ltr'><strong>pro·</strong></span> 
     </span>
     <span class='ocr_line' id='line_1_31' title="bbox 263 3499 1483 3584; baseline 0.002 -18"><span class='ocrx_word' id='word_1_180' title='bbox 263 3501 380 3567; x_wconf 90' lang='lat' dir='ltr'><strong>tulerit.</strong></span> <span class='ocrx_word' id='word_1_181' title='bbox 404 3539 446 3550; x_wconf 91' lang='lat'><em>-</em></span> <span class='ocrx_word' id='word_1_182' title='bbox 469 3502 530 3568; x_wconf 88' lang='lat' dir='ltr'><strong>Sed</strong></span> <span class='ocrx_word' id='word_1_183' title='bbox 553 3501 701 3584; x_wconf 91' lang='lat' dir='ltr'><strong>quamvis</strong></span> <span class='ocrx_word' id='word_1_184' title='bbox 735 3501 883 3569; x_wconf 86' lang='lat' dir='ltr'><strong>sciamus,</strong></span> <span class='ocrx_word' id='word_1_185' title='bbox 916 3502 990 3584; x_wconf 92' lang='lat' dir='ltr'><strong>quis</strong></span> <span class='ocrx_word' id='word_1_186' title='bbox 1023 3501 1118 3564; x_wconf 86' lang='lat' dir='ltr'><strong>suerit</strong></span> <span class='ocrx_word' id='word_1_187' title='bbox 1151 3499 1319 3564; x_wconf 88' lang='lat' dir='ltr'><strong>verborum</strong></span> <span class='ocrx_word' id='word_1_188' title='bbox 1354 3504 1429 3567; x_wconf 93' lang='lat' dir='ltr'><strong>ordo</strong></span> <span class='ocrx_word' id='word_1_189' title='bbox 1449 3505 1483 3569; x_wconf 93' lang='lat' dir='ltr'><strong>in</strong></span> 
     </span>
     <span class='ocr_line' id='line_1_32' title="bbox 261 3601 1483 3692; baseline 0 -23"><span class='ocrx_word' id='word_1_190' title='bbox 261 3604 399 3691; x_wconf 84' lang='lat' dir='ltr'><strong>singulis</strong></span> <span class='ocrx_word' id='word_1_191' title='bbox 422 3603 518 3670; x_wconf 91' lang='lat' dir='ltr'><strong>Nonii</strong></span> <span class='ocrx_word' id='word_1_192' title='bbox 541 3601 696 3687; x_wconf 87' lang='lat' dir='ltr'><strong>partibus,</strong></span> <span class='ocrx_word' id='word_1_193' title='bbox 718 3609 835 3679; x_wconf 84' lang='lat' dir='ltr'><strong>tamen,</strong></span> <span class='ocrx_word' id='word_1_194' title='bbox 858 3624 941 3686; x_wconf 89' lang='lat' dir='ltr'><strong>quae</strong></span> <span class='ocrx_word' id='word_1_195' title='bbox 964 3603 1043 3667; x_wconf 87' lang='lat' dir='ltr'><strong>ratio</strong></span> <span class='ocrx_word' id='word_1_196' title='bbox 1068 3624 1142 3666; x_wconf 91' lang='lat' dir='ltr'><strong>cum</strong></span> <span class='ocrx_word' id='word_1_197' title='bbox 1164 3602 1247 3667; x_wconf 88' lang='lat' dir='ltr'><strong>inter·</strong></span> <span class='ocrx_word' id='word_1_198' title='bbox 1258 3603 1327 3689; x_wconf 85' lang='lat' dir='ltr'><strong>ipsa</strong></span> <span class='ocrx_word' id='word_1_199' title='bbox 1338 3605 1392 3669; x_wconf 92' lang='lat' dir='ltr'><strong>illa</strong></span> <span class='ocrx_word' id='word_1_200' title='bbox 1403 3613 1483 3692; x_wconf 84' lang='lat' dir='ltr'><strong>frag·</strong></span> 
     </span>
     <span class='ocr_line' id='line_1_33' title="bbox 262 3704 1480 3792; baseline 0.002 -22"><span class='ocrx_word' id='word_1_201' title='bbox 262 3717 368 3772; x_wconf 89' lang='lat' dir='ltr'><strong>menta</strong></span> <span class='ocrx_word' id='word_1_202' title='bbox 391 3708 431 3775; x_wconf 81' lang='lat'><strong>26</strong></span> <span class='ocrx_word' id='word_1_203' title='bbox 454 3708 535 3792; x_wconf 81' lang='lat'>(24),</span> <span class='ocrx_word' id='word_1_204' title='bbox 558 3707 597 3770; x_wconf 85' lang='lat'><strong>47</strong></span> <span class='ocrx_word' id='word_1_205' title='bbox 622 3706 702 3792; x_wconf 85' lang='grc'><strong>(31),</strong></span> <span class='ocrx_word' id='word_1_206' title='bbox 723 3709 765 3772; x_wconf 84' lang='grc'><strong>48</strong></span> <span class='ocrx_word' id='word_1_207' title='bbox 788 3707 870 3792; x_wconf 89' lang='grc'><strong>(18),</strong></span> <span class='ocrx_word' id='word_1_208' title='bbox 892 3713 962 3769; x_wconf 85' lang='lat' dir='ltr'><strong>tum</strong></span> <span class='ocrx_word' id='word_1_209' title='bbox 985 3705 1068 3768; x_wconf 82' lang='lat' dir='ltr'><strong>inter</strong></span> <span class='ocrx_word' id='word_1_210' title='bbox 1089 3704 1152 3769; x_wconf 86' lang='lat' dir='ltr'><strong>alia</strong></span> <span class='ocrx_word' id='word_1_211' title='bbox 1173 3707 1315 3772; x_wconf 89' lang='lat' dir='ltr'><strong>ciusdem</strong></span> <span class='ocrx_word' id='word_1_212' title='bbox 1338 3708 1409 3772; x_wconf 93' lang='lat' dir='ltr'><strong>libri</strong></span> <span class='ocrx_word' id='word_1_213' title='bbox 1429 3732 1480 3774; x_wconf 90' lang='lat' dir='ltr'><strong>ve·</strong></span> 
     </span>
     <span class='ocr_line' id='line_1_34' title="bbox 260 3807 1480 3896; baseline 0.001 -22"><span class='ocrx_word' id='word_1_214' title='bbox 260 3808 321 3876; x_wconf 91' lang='lat' dir='ltr'><strong>luti</strong></span> <span class='ocrx_word' id='word_1_215' title='bbox 345 3812 383 3877; x_wconf 83' lang='lat'><strong>37</strong></span> <span class='ocrx_word' id='word_1_216' title='bbox 408 3810 479 3896; x_wconf 87' lang='grc'><strong>(43)</strong></span> <span class='ocrx_word' id='word_1_217' title='bbox 501 3815 533 3874; x_wconf 78' lang='lat' dir='ltr'><strong>et</strong></span> <span class='ocrx_word' id='word_1_218' title='bbox 555 3811 595 3875; x_wconf 84' lang='grc'><strong>38</strong></span> <span class='ocrx_word' id='word_1_219' title='bbox 619 3810 689 3896; x_wconf 86' lang='grc'><strong>(47)</strong></span> <span class='ocrx_word' id='word_1_220' title='bbox 711 3808 895 3886; x_wconf 82' lang='lat' dir='ltr'><strong>intercedat,</strong></span> <span class='ocrx_word' id='word_1_221' title='bbox 917 3807 1056 3894; x_wconf 89' lang='lat' dir='ltr'><strong>ignorari</strong></span> <span class='ocrx_word' id='word_1_222' title='bbox 1080 3807 1213 3874; x_wconf 84' lang='lat' dir='ltr'><strong>Peterus</strong></span> <span class='ocrx_word' id='word_1_223' title='bbox 1237 3822 1320 3874; x_wconf 89' lang='lat' dir='ltr'><strong>recte</strong></span> <span class='ocrx_word' id='word_1_224' title='bbox 1332 3810 1480 3876; x_wconf 80' lang='lat' dir='ltr'><strong>intellexit</strong></span> 
     </span>
     <span class='ocr_line' id='line_1_35' title="bbox 260 3911 590 3999; baseline 0.006 -21"><span class='ocrx_word' id='word_1_225' title='bbox 260 3923 307 3999; x_wconf 91' lang='lat' dir='ltr'><strong>(p.</strong></span> <span class='ocrx_word' id='word_1_226' title='bbox 331 3911 590 3998; x_wconf 81' lang='lat' dir='ltr'>CCCXXXV).</span> 
     </span>
    </p>

    <p class='ocr_par' dir='ltr' id='par_1_5' title="bbox 260 4012 1477 4204">
     <span class='ocr_line' id='line_1_36' title="bbox 346 4012 1477 4100; baseline -0.002 -20"><span class='ocrx_word' id='word_1_227' title='bbox 346 4015 553 4100; x_wconf 85' lang='lat' dir='ltr'><strong>Quamquam</strong></span> <span class='ocrx_word' id='word_1_228' title='bbox 588 4015 651 4079; x_wconf 85' lang='lat' dir='ltr'><strong>illis</strong></span> <span class='ocrx_word' id='word_1_229' title='bbox 675 4013 770 4078; x_wconf 90' lang='lat' dir='ltr'><strong>Nonii</strong></span> <span class='ocrx_word' id='word_1_230' title='bbox 794 4012 961 4077; x_wconf 80' lang='lat' dir='ltr'><strong>ordinibus</strong></span> <span class='ocrx_word' id='word_1_231' title='bbox 984 4013 1117 4078; x_wconf 85' lang='lat' dir='ltr'><strong>facultas</strong></span> <span class='ocrx_word' id='word_1_232' title='bbox 1140 4015 1232 4080; x_wconf 88' lang='lat' dir='ltr'><strong>nobis</strong></span> <span class='ocrx_word' id='word_1_233' title='bbox 1255 4015 1328 4078; x_wconf 89' lang='lat' dir='ltr'><strong>data</strong></span> <span class='ocrx_word' id='word_1_234' title='bbox 1361 4026 1407 4080; x_wconf 86' lang='lat' dir='ltr'><strong>est</strong></span> <span class='ocrx_word' id='word_1_235' title='bbox 1427 4039 1477 4080; x_wconf 88' lang='lat' dir='ltr'><strong>ex-</strong></span> 
     </span>
     <span class='ocr_line' id='line_1_37' title="bbox 260 4115 1476 4204; baseline 0.002 -22"><span class='ocrx_word' id='word_1_236' title='bbox 260 4117 420 4204; x_wconf 88' lang='lat' dir='ltr'><strong>plorandi,</strong></span> <span class='ocrx_word' id='word_1_237' title='bbox 443 4141 526 4204; x_wconf 84' lang='lat' dir='ltr'><strong>quae</strong></span> <span class='ocrx_word' id='word_1_238' title='bbox 549 4119 644 4184; x_wconf 83' lang='lat' dir='ltr'><strong>fuerit</strong></span> <span class='ocrx_word' id='word_1_239' title='bbox 667 4117 743 4182; x_wconf 89' lang='lat' dir='ltr'><strong>olim</strong></span> <span class='ocrx_word' id='word_1_240' title='bbox 766 4117 917 4184; x_wconf 85' lang='lat' dir='ltr'><strong>Sisennae</strong></span> <span class='ocrx_word' id='word_1_241' title='bbox 937 4116 972 4180; x_wconf 94' lang='lat' dir='ltr'><strong>in</strong></span> <span class='ocrx_word' id='word_1_242' title='bbox 994 4115 1091 4182; x_wconf 85' lang='lat' dir='ltr'><strong>rebus</strong></span> <span class='ocrx_word' id='word_1_243' title='bbox 1103 4119 1287 4184; x_wconf 89' lang='lat' dir='ltr'><strong>enarrandis</strong></span> <span class='ocrx_word' id='word_1_244' title='bbox 1310 4117 1476 4204; x_wconf 90' lang='lat' dir='ltr'><strong>dispositio.</strong></span> 
     </span>
    </p>
   </div>
   <div class='ocr_carea' id='block_1_3' title="bbox 262 4262 465 4271">
    <p class='ocr_par' dir='ltr' id='par_1_6' title="bbox 262 4262 465 4271">
     <span class='ocr_line' id='line_1_38' title="bbox 262 4262 465 4271; baseline -0.01 0"><span class='ocrx_word' id='word_1_245' title='bbox 262 4262 465 4271; x_wconf 45' lang='grc' dir='ltr'>Μ...-</span> 
     </span>
    </p>
   </div>
   <div class='ocr_carea' id='block_1_4' title="bbox 348 4299 718 4409">
    <p class='ocr_par' dir='ltr' id='par_1_7' title="bbox 348 4299 718 4409">
     <span class='ocr_line' id='line_1_39' title="bbox 348 4299 718 4409; baseline 0.003 -24"><span class='ocrx_word' id='word_1_246' title='bbox 348 4323 380 4409; x_wconf 86' lang='grc'><strong>1)</strong></span> <span class='ocrx_word' id='word_1_247' title='bbox 401 4333 437 4387; x_wconf 58' lang='grc'><strong>11.</strong></span> <span class='ocrx_word' id='word_1_248' title='bbox 461 4299 597 4400; x_wconf 64' lang='lat' dir='ltr'><strong>sardina,</strong></span> <span class='ocrx_word' id='word_1_249' title='bbox 617 4350 643 4404; x_wconf 78' lang='lat' dir='ltr'><strong>p.</strong></span> <span class='ocrx_word' id='word_1_250' title='bbox 666 4326 718 4387; x_wconf 79' lang='lat'><strong>92.</strong></span> 
     </span>
    </p>
   </div>
   <div class='ocr_carea' id='block_1_5' title="bbox 0 0 1570 4588">
    <p class='ocr_par' dir='ltr' id='par_1_8' title="bbox 0 0 1570 4588">
     <span class='ocr_line' id='line_1_40' title="bbox 0 0 1570 4588; baseline 0 7"><span class='ocrx_word' id='word_1_251' title='bbox 0 0 1570 4588; x_wconf 95' lang='lat' dir='ltr'><strong> </strong></span> 
     </span>
    </p>
   </div>
  </div>
 </body>
</html>
